2942 4975
455 316 669 384 AENEIDOS
692 318 773 381 LIB.
795 318 881 384 VIII.

161 503 311 569 Militiam
335 506 369 567 et
391 520 488 584 greve
511 503 623 567 Martis
646 522 740 586 opus,
762 509 819 569 tua
842 473 1081 575 cernere'iacta

161 589 354 667 Adsuescat,
377 587 486 669 primis
511 593 545 651 et
567 592 600 652 te
622 589 758 654 miretur
779 590 820 655 ab
843 592 942 656 annis.

68 671 70 680 '
160 674 303 739 Arcadas
325 673 399 737 huie
423 673 547 753 equites
570 673 618 737 bis
642 680 784 754 eentum,
806 676 923 741 robora
944 678 1036 758 pubis

104 820 106 825 .
159 760 273 837 Lecta,
297 758 393 836 dabo,
416 757 616 839 totidemque
638 776 695 824 suo
718 760 777 824 tibi
799 762 927 825 nomine
949 762 1065 828 Pallas.

72 844 138 910 520
246 842 307 907 Vix
330 861 369 907 ea
390 841 475 907 fatus
499 847 584 907 erat:
607 841 766 925 defixique
789 863 845 910 ora
867 847 1022 912 tenebant

160 931 286 995 Aeneas
308 928 519 993 Anchisiades
543 932 576 992 et
597 926 679 993 fidus
701 930 857 1009 Achates3

159 1014 326 1095 Multaque
349 1013 430 1077 dura
452 1030 509 1077 suo
532 1013 618 1077 tristi
641 1032 712 1078 cum
735 1015 832 1080 corde
854 1016 1019 1096 putabant,

159 1099 202 1164 Ni
224 1098 349 1179 signum
372 1099 460 1163 caelo
484 1097 643 1179 Cytherea
664 1099 808 1165 dedisset
829 1106 949 1181 operto.

159 1184 305 1265 Namque
326 1183 489 1264 inproviso
511 1183 654 1247 vibratus
677 1184 716 1249 ab
740 1185 871 1250 aethere
893 1184 999 1267 fulgor

70 1268 136 1335 525
160 1269 240 1334 Oum
263 1268 371 1333 sonitu
392 1268 494 1346 venit,
518 1274 551 1333 et
572 1287 668 1333 ruere
691 1270 798 1334 omnia
819 1270 888 1335 visa
908 1276 1053 1353 repente,

160 1354 406 1435 Tyrrhenusque
429 1353 526 1418 tubae
548 1353 672 1435 mugire
694 1372 753 1435 per
775 1356 907 1420 aethera
930 1357 1070 1438 clangor.

160 1437 358 1520 Suspiciunt3
380 1438 497 1503 iterum
521 1442 618 1519 atque
640 1439 759 1503 iterum
781 1438 889 1521 fragor
909 1442 1057 1524 increpat
1078 1441 1202 1523 ingens.

159 1525 258 1589 Arma
278 1523 364 1588 inter
387 1523 505 1588 nubem
529 1523 609 1588 caeli
632 1524 664 1588 in
687 1526 819 1606 regione
843 1543 956 1591 serena

158 1610 222 1673 Per
243 1609 357 1673 sudum
379 1608 515 1673 rutilare
536 1608 646 1674 vident
669 1614 703 1673 et
724 1610 818 1692 pulsa
839 1614 960 1677 tonare.

68 1694 135 1759 530
159 1693 351 1775 Obstipuere
375 1694 488 1758 animis
511 1693 577 1773 alii;
601 1694 658 1759 sed
681 1694 796 1778 Troius
818 1695 913 1760 heros

158 1779 321 1861 Adgnovit
343 1778 482 1843 sonitum
506 1784 539 1843 et
561 1779 653 1843 divae
675 1780 832 1861 promissa
852 1781 1005 1862 parentis.

159 1864 240 1929 Tum
263 1868 434 1929 memorat:
466 1863 517 1929 Ne
539 1881 629 1942 vero,
651 1864 782 1947 hospes,
804 1884 845 1929 ne
867 1884 987 1947 quaere
1009 1865 1182 1961 proiecto„

159 1949 261 2027 Quem
284 1966 392 2013 casum
414 1954 566 2033 portenta
587 1948 708 2014 ferant:
731 1968 792 2032 ego
814 1968 929 2032 poscor
952 1950 1096 2033 Olympo.

158 2034 229 2099 Hoc
252 2034 376 2116 signum
399 2034 516 2099 cecinit
538 2034 705 2099 missuram
728 2036 802 2100 diva
824 2037 969 2115 creatrix,

69 2118 135 2185 535
159 2118 193 2186 Si
215 2119 334 2184 bellum
357 2119 536 2200 ingrueret,
558 2119 777 2200 Volcaniaque
799 2138 889 2185 arma
910 2138 969 2203 per
990 2139 1085 2186 auras

158 2206 312 2269 Laturam
334 2204 459 2269 auxilio.

159 2290 233 2355 Heu
256 2294 394 2372 quantae
417 2288 541 2353 miseris
564 2289 679 2353 caedes
701 2289 917 2355 Laurentibus
939 2290 1075 2354 instanti

160 2374 246 2452 Quas
268 2393 388 2456 poenas
409 2374 500 2452 mihi,
523 2374 644 2453 Turne,
668 2374 772 2439 dabis!
806 2392 901 2455 quam
922 2374 1026 2440 multa
1046 2374 1106 2439 sub
1128 2374 1233 2440 undas

159 2459 258 2526 Scuta
278 2461 380 2525 uirum
404 2460 576 2543 galeasque
600 2464 631 2525 et
653 2458 751 2525 fortia
773 2477 909 2543 corpora
928 2460 1047 2541 volves

69 2547 137 2614 540
160 2547 279 2628 Thybri
300 2547 406 2628 paterl
440 2546 578 2610 Poscant
601 2546 685 2612 acies
709 2550 743 2610 et
764 2545 896 2610 foedera
917 2546 1081 2628 rumpant!

244 2630 333 2696 Haec
355 2631 410 2696 ubi
433 2630 519 2696 dicta
540 2631 643 2709 dedit,
666 2631 747 2696 solio
769 2649 804 2696 se
827 2631 914 2696 tollit
935 2632 975 2696 ab
999 2632 1079 2710 alto,

158 2717 202 2782 Et
223 2717 360 2798 primum
382 2716 550 2780 Herculeis
574 2716 694 2798 sopitas
716 2717 843 2798 ignibus
865 2735 937 2784 aras

159 2801 301 2881 Excitat,
323 2801 574 2882 hesternumque
595 2802 711 2867 Larem
733 2819 913 2883 parvosque
935 2801 1067 2866 Penatis

69 2986 195 3034 lescentes
213 2982 307 3032 nobssee
325 2980 485 3031 contubernio
503 2980 592 3030 ducum
610 2981 754 3044 utebantur,
772 2996 877 3046 quorum
894 2981 1006 3047 exemplo
1024 2981 1149 3031 discerent
1165 2980 1259 3031 bellum

70 3045 287 3118 administraret}
321 3045 467 3101 520-607.
485 3050 622 3100 Aeneasa
637 3047 737 3100 Vertere
752 3050 875 3115 prodigio
894 3051 1067 3116 confirmatae
1084 3050 1203 3099 renuet:
1222 3048 1258 3099 ad

70 3124 166 3171 castra
188 3116 304 3169 Troiana
328 3119 439 3168 navibus
463 3133 538 3183 equos
561 3119 593 3166 ab
615 3115 742 3167 Euandro
765 3119 866 3184 accipit.
901 3117 1030 3168 Euander
1047 3117 1195 3168 Pallantem
1221 3116 1259 3166 ad

69 3189 169 3240 bellum
186 3191 287 3236 euntem
305 3188 428 3252 graviter
451 3188 593 3236 commotas
616 3186 733 3235 diruitte't.
771 3185 824 3236 lter
850 3185 886 3236 ad
909 3191 1001 3236 carba
1024 3185 1162 3249 Etrusca}
1195 3181 1254 3235 020.

69 3273 97 3307 v.
116 3253 143 3320 2,
161 3251 220 3306 692.
238 3282 271 3290 ——
297 3253 417 3304 Oratione
439 3253 550 3305 Euandri
573 3259 669 3303 tantum
693 3253 766 3304 abest
788 3260 816 3305 ut
838 3254 951 3316 erigatur
975 3254 1070 3303 animur
1093 3252 1206 3313 Aeneae,
1227 3257 1256 3302 ut

69 3324 153 3391 (quod
165 3321 283 3374 Euander
299 3323 397 3373 minime
414 3321 577 3388 speraverat)
595 3322 721 3388 repentina
740 3321 844 3371 tristitia
860 3321 994 3384 ellligatur.
1021 3321 1092 3386 Quod
1103 3320 1258 3386 promittitur

70 3392 209 3456 auxilium,
232 3391 367 3442 invalidum
391 3397 442 3454 est3
468 3390 525 3455 quid
551 3397 634 3456 speret
657 3390 688 3440 ab
706 3389 836 3454 Etruscis,
859 3390 959 3440 dubium
978 3396 1030 3449 eet,
1048 3395 1179 3456 praeterea
1198 3401 1255 3452 pro·

69 3463 163 3530 pinquo
182 3466 207 3510 ct
225 3460 356 3510 adomnia
375 3459 488 3509 audenda
507 3464 596 3524 parato
615 3460 687 3508 hoste
704 3459 762 3522 quid
773 3474 829 3521 non,
847 3459 904 3508 dum
917 3465 1013 3525 tempus
1025 3458 1126 3515 teritur,
1145 3454 1259 3504 accidere

70 3535 157 3598 potest
173 3529 280 3578 Ascanio
297 3527 437 3593 castrisque
449 3526 582 3578 Troianis?
599 3526 636 3576 En
655 3527 717 3576 satis
736 3533 850 3592 potentes
868 3541 959 3576 causas
978 3520 1120 3587 tristitiuell
1156 3519 1208 3574 522
1220 3537 1256 3588 sq.

69 3598 153 3650 Multa
174 3598 237 3647 dura
256 3612 338 3647 secum
356 3596 494 3662 putabant,
516 3599 545 3645 et
561 3595 694 3645 diutius
717 3597 749 3645 in
768 3612 806 3644 ea
830 3597 1038 3659 cogitatione
1055 3592 1177 3656 desiere·
1189 3606 1259 3656 per-
1316 3622 1322 3630 -

69 3667 261 3730 antissent,
283 3665 316 3717 Ni
338 3664 424 3716 Venus
447 3668 508 3726 cet,
530 3676 556 3713 v.
580 3661 610 3713 G.
634 3661 658 3724 3,
681 3658 746 3725 562,
775 3663 888 3713 similiter
909 3659 934 3725 6,
957 3658 1010 3712 358
1033 3676 1087 3726 sqq.
1114 3660 1179 3724 „iam
1201 3665 1257 3710 tuta

69 3735 200 3787 tenebam:
219 3731 337 3798 Nigens
356 3733 515 3784 crudelis-
534 3729 601 3781 lerro
625 3730 799 3798 invasisset.“l
833 3728 893 3781 523.
915 3734 1017 3797 aperto,
1041 3745 1065 3779 v.
1089 3724 1257 3796 6.1,393.Ι

70 3799 132 3855 526.
150 3819 176 3853 v.
193 3801 223 3852 u.
242 3799 268 3865 9,
285 3799 327 3854 46.
366 3799 499 3868 Tyrrhum,
518 3798 653 3866 quietata
672 3798 703 3848 ab
721 3797 836 3849 Etruscis
853 3800 977 3861 inventa!
1013 3794 1064 3847 028
1082 3813 1119 3862 sq.
1137 3793 1168 3846 cl.
1182 3794 1212 3847 G.
1232 3794 1259 3860 1,

69 3868 132 3923 474.
150 3899 184 3908 -
201 3870 279 3920 nubes
296 3871 332 3920 itu
350 3870 475 3920 ambiebat
493 3883 577 3931 arma,
600 3873 629 3918 ut
651 3867 706 3932 ipsa
729 3867 754 3916 in
773 3867 835 3918 sado
852 3862 1021 3934 effulgerem]
1055 3862 1114 3917 562.
1134 3863 1173 3916 No
1189 3880 1258 3928 uero,
1309 3867 1312 3871 '

69 3931 113 4010 μή
133 3942 238 3991 τοίνυν.
255 3965 289 3975 -
306 3942 419 4006 Apparet
435 3939 546 3988 Aeneam
564 3953 611 3987 nou
629 3935 774 3999 dubitasse,
797 3936 854 4001 quin
872 3935 989 3986 Euander
1006 3935 1042 3984 rei
1060 3934 1181 3984 miraculo
1198 3948 1257 3983 con-

68 4009 177 4061 territus
200 4021 307 4058 casum
330 4008 437 4072 aliquem
454 4005 503 4056 filio
528 4003 680 4056 exitiabilem
704 3999 850 4066 metueret!
885 3999 944 4054 533.
962 4020 1013 4069 ego
1029 4018 1054 4070 p.
1074 4003 1120 4066 Ot,
1138 4017 1163 4053 v.
1182 4000 1213 4052 G.
1231 3999 1258 4064 2,

70 4075 131 4130 206.
160 4093 199 4127 me
223 4077 301 4142 poscit
325 4074 447 4143 Olympus
474 4076 497 4124 in
524 4073 650 4141 proelia
676 4072 782 4135 scilicet3
809 4071 840 4122 cl.
867 4088 906 4122 vs.
931 4069 990 4122 614.
1013 4069 1056 4134 11,
1079 4069 1139 4121 221.
1162 4070 1194 4120 ad
1218 4083 1258 4118 me

70 4151 197 4198 ostentum
215 4143 277 4195 illud
295 4159 326 4194 ex
343 4145 445 4194 aethere
463 4142 572 4194 oblatum
592 4136 711 4210 spectat!
745 4138 805 4192 534.
823 4141 920 4207 quaudo
939 4146 983 4191 aut
1001 4140 1043 4190 ubi
1057 4141 1081 4190 id
1095 4137 1259 4205 praedixerit,

70 4209 672 4344 ttfttldtlttillthltlbttd
689 4200 1256 4347 3¹t²⁶⁷3ss”edibili-illibi&

106 4319 112 4332 ·
708 4317 714 4329 ·
795 4317 801 4329 ·
899 4316 905 4325 ·
1249 4308 1256 4334 a

69 4352 130 4428 quie
148 4298 243 4415 tilbert
259 4351 354 4416 sopitos
371 4350 450 4414 ignes,
468 4319 500 4400 44.
517 4363 556 4399 ve.
574 4345 635 4400 410.
646 4374 681 4385 -
693 4317 848 4411 adame,
855 4361 880 4396 v.
897 4345 928 4396 li.
947 4342 973 4410 9,
988 4341 1047 4412 461
1081 4339 1141 4392 643.
1159 4338 1258 4405 lluplex
