2942 4975
435 372 684 439 GEORGICON
705 374 786 439 LIB.
807 376 863 439 Ill.

147 562 345 645 Taygetique
367 578 462 626 canes
484 560 696 645 domitrixque
717 561 898 660 Epidaurus
920 580 1084 645 equorum,

87 648 272 713 45111555
293 647 434 712 adsensu
454 664 621 712 nemorum
642 646 839 727 ingeminata
860 649 1007 730 remugit

146 733 220 799 hlox
241 738 353 799 tamen
375 731 518 797 ardentis
539 731 689 814 accingar
711 732 818 797 dicere
839 751 962 815 pugnas
1031 801 1040 821 0

149 818 303 896 Caesaris,
326 822 360 883 et
381 834 497 881 nemen
519 814 604 883 lama
626 822 676 882 151
696 814 783 883 ferre
804 836 863 900 per
884 837 993 899 55555,

147 903 277 969 Tithoni
299 902 403 985 prima
424 908 503 985 quot
524 902 617 967 abest
638 900 678 967 ab
700 902 824 985 origine
846 902 972 969 Caesar.

226 988 294 1054 Seu
316 988 400 1070 quis,
423 986 627 1071 Olympiacae
648 987 783 1053 miratus
804 988 946 1070 praemia
967 988 1101 1071 palmae,

89 1075 128 1139 51)
147 1073 254 1139 Pascit
277 1090 391 1156 equos,
413 1090 471 1139 seu
492 1072 563 1154 quis
584 1070 677 1137 fortis
699 1073 741 1138 ad
763 1077 872 1139 555155
892 1074 1052 1153 iuvencos,

148 1159 290 1241 Corpora
310 1157 480 1240 praecipue
501 1162 641 1223 metrum
661 1158 759 1239 legat.
804 1157 945 1242 Optume
965 1164 1075 1225 torvae

146 1244 263 1311 Forma
282 1244 387 1322 bovis,
410 1243 462 1308 551
483 1247 578 1327 turpe
600 1247 709 1325 caput,
732 1244 782 1308 cui
804 1244 941 1326 plurima
963 1245 1077 1324 555515,

147 1330 189 1395 Ε1
210 1348 340 1395 crurum
361 1332 456 1393 tenus
478 1347 497 1392 5
517 1333 626 1393 mente
647 1328 791 1410 palearia
810 1330 967 1412 pendent;

149 1414 229 1479 Tum
250 1415 349 1496 lenge
370 1414 477 1479 nullus
500 1414 594 1479 lateri
614 1414 743 1493 medus,
765 1414 873 1479 omnia
893 1434 1017 1496 magna,

91 1500 129 1565 55
147 1500 208 1565 Pes
231 1500 343 1579 etiem3
366 1504 400 1564 et
422 1500 559 1565 camuris
581 1498 685 1564 hirtae
707 1499 767 1564 sub
789 1500 937 1566 cornibus
960 1519 1062 1566 aures

147 1586 214 1651 Nec
236 1584 315 1651 mihi
336 1584 505 1667 displiceat
526 1584 658 1649 maculis
680 1584 813 1666 insignis
836 1586 972 1665 515155,

147 1673 213 1737 Aut
233 1672 311 1753 iuga
332 1671 530 1749 detractans,
555 1670 780 1751 interdumque
801 1688 915 1754 aspera
938 1690 1044 1749 cornu,

147 1756 190 1821 Et
210 1755 328 1822 faciem
348 1762 443 1821 tauro
465 1756 607 1838 propior,
629 1772 776 1837 quaeque
798 1756 898 1821 ardue
919 1761 997 1836 tote

147 1842 190 1906 Et
211 1842 362 1923 gradiens
382 1841 448 1906 ima
468 1841 569 1906 verrit
590 1840 727 1923 vestigia
749 1842 857 1906 cauda

91 1926 129 1991 60
147 1930 246 1993 Aetas
267 1927 423 1993 Lucinam
443 1926 609 2008 iustosque
630 1927 699 2008 pati
720 1925 912 2008 hymenaeos

146 2012 275 2078 Desinit
296 2017 373 2078 ante
395 2012 519 2091 decem,
541 2016 616 2094 pest
636 2015 790 2094 quattuor
810 2011 924 2094 incipit
944 2028 1059 2090 annos;

146 2097 264 2164 Cetera
285 2116 345 2164 nec
367 2095 490 2163 feturae
511 2096 640 2177 habilis,
662 2116 722 2163 nec
744 2095 837 2162 fortis
859 2097 983 2163 aratris.

146 2184 290 2263 Interea,
312 2188 443 2265 superet
464 2182 615 2265 gregibus
637 2182 712 2247 dum
733 2182 821 2249 laeta
841 2182 997 2262 15555155,

147 2268 242 2334 Solve
265 2287 384 2348 mares3
406 2267 500 2333 mitte
521 2268 556 2333 in
577 2268 738 2333 Venerem
759 2268 910 2350 pecuaria
931 2267 1060 2350 primus

88 2354 127 2419 65
145 2356 253 2436 Atque
275 2354 371 2420 aliem
393 2353 517 2419 exalia
539 2352 722 2435 generando
745 2352 857 2418 suffice
877 2353 1010 2434 prolem.

147 2439 289 2523 Optuma
310 2457 456 2522 quaeque
478 2437 547 2504 dies
568 2438 692 2504 miseris
714 2436 903 2505 mortalibus
925 2437 996 2505 5551

145 2527 256 2591 Prima
276 2525 372 2609 fugit;
395 2525 534 2590 subeunt
554 2525 658 2589 morbi
680 2524 847 2606 tristisque
868 2529 1027 2602 senectus,

145 2612 189 2677 Et
210 2609 304 2676 labor
325 2616 360 2676 et
380 2611 479 2676 durae
501 2610 586 2692 repit
605 2608 814 2675 inclementia
834 2609 955 2675 mortis

146 2697 282 2779 Semper
304 2701 413 2776 erunt,
435 2714 571 2777 quarum
592 2695 710 2761 mutari
732 2713 867 2778 corpora
887 2694 993 2760 malis:

88 2781 125 2847 10
145 2782 281 2865 Semper
304 2783 389 2847 enim
409 2779 519 2860 refice,
542 2800 590 2858 ac,
613 2799 655 2846 ne
677 2785 751 2864 post
772 2780 890 2847 amissa
909 2780 1065 2862 requiras,

145 2867 324 2947 rtnteveni,¹
343 2873 377 2934 et
399 2867 545 2932 subolem
566 2871 712 2932 armento
734 2865 851 2932 sortire
873 2870 953 2949 quot
974 2866 1073 2931 annis.

67 3108 145 3158 555155
161 3107 358 3173 multiplicesque
375 3121 449 3156 voces
466 3113 645 3169 armentorum,
669 3121 769 3167 cauum,
791 3121 911 3171 equorum
928 3106 1016 3156 audire
1032 3120 1066 3156 ex
1083 3105 1241 3158 nobilissimis

66 3176 165 3227 saltibus
182 3176 331 3242 pascuisque
348 3176 381 3225 ad
398 3189 473 3227 aures
490 3175 636 3226 5551155155.
660 3201 695 3212 -
718 3175 853 3225 Cithaeron
870 3189 939 3225 mone
955 3173 1085 3239 boeotiae,
1110 3172 1241 3242 Taygetus

67 3243 191 3307 hamatae,
208 3251 235 3294 at
250 3259 276 3294 5.
293 3243 323 3294 E.
341 3243 365 3307 1,
383 3241 408 3294 2.
442 3241 561 3294 Pastores
578 3243 652 3292 etiam
670 3243 794 3293 551511551
811 3257 912 3309 operam
929 3242 1034 3304 dabant3
1053 3258 1140 3294 55555
1158 3250 1242 3294 autem

67 3315 230 3364 erraticorum
248 3312 355 3362 maxime
371 3311 540 3362 laudabantur
555 3311 679 3362 Laconici.
697 3337 732 3351 -
749 3311 891 3378 Epidaurus
908 3327 956 3361 nen
972 3311 1034 3362 illud
1051 3309 1173 3380 lllyridis,
1195 3312 1241 3362 aad

66 3381 187 3446 Argolidis
211 3381 340 3448 oppidum,
363 3381 433 3446 equis
450 3379 539 3430 nobile.
574 3377 722 3446 Xenophon,
747 3381 789 3445 qui
813 3381 933 3430 bominem
956 3379 1088 3430 militarem
1110 3379 1185 3430 rebus
1208 3379 1241 3429 ad

67 3465 132 3500 usum
155 3449 217 3500 belli
242 3447 463 3516 praestantissimis
480 3455 627 3500 exornatum
643 3448 758 3510 volebat,
781 3464 844 3514 equo
860 3447 996 3516 Epidauria
1013 3447 1163 3510 vehebatur,
1185 3447 1240 3498 Ael.

68 3516 170 3580 ltus,
183 3513 242 3579 241
275 3515 318 3568 te.
336 3531 414 3582 eaque
431 3531 482 3566 ver
500 3517 664 3584 repercutitur
681 3533 725 3583 per
742 3518 802 3567 echo
820 3513 1009 3582 nemorensem!
1043 3513 1087 3568 48.
1106 3517 1241 3581 quaterni

66 3585 209 3638 5115555551
230 3586 349 3652 aprinis
373 3585 453 3649 gentis
470 3583 548 3636 Iuliae
571 3585 728 3647 auctoribus3
752 3585 777 3634 15
801 3585 890 3650 quibus
908 3584 1042 3646 Tithonus,
1066 3583 1240 3636 hemedentbr

66 3655 136 3718 111155,
156 3655 234 3706 Trois
252 3655 374 3719 abnepos,
390 3669 407 3703 a
424 3661 499 3720 poeta
515 3660 671 3716 numeratur;
695 3668 720 3703 5.
740 3668 777 3704 55.
796 3649 883 3722 122.11
917 3647 1046 3704 49-283.
1070 3652 1109 3704 De
1125 3656 1197 3719 aqrra's
1215 3657 1241 3703 51

64 3717 212 3790 ementes!
246 3719 290 3772 49.
307 3723 356 3772 Seu
368 3723 423 3787 quis
434 3723 468 3772 ad
479 3723 614 3772 certamina
626 3719 744 3787 (quorum
761 3722 914 3773 nobilissima
932 3727 1004 3772 erant
1015 3719 1145 3789 Olympia)
1162 3737 1240 3787 51551

67 3791 115 3842 aha
127 3819 158 3829 —
174 3792 295 3859 patruae:
313 3791 413 3854 Virgilii
425 3791 521 3855 quidem
535 3791 694 3857 temporibus,
711 3791 771 3841 11555
787 3797 882 3856 postea,
900 3789 1077 3857 Olympionicis
1094 3805 1141 3842 555
1160 3791 1241 3841 selum

68 3875 167 3911 5555555
184 3875 216 3910 ex
235 3859 354 3922 oleastro,
372 3873 434 3924 quas
452 3860 527 3926 capiti
543 3860 704 3925 imponerent,
723 3860 767 3909 sed
784 3859 858 3909 etiam
875 3857 981 3925 palmae,
999 3873 1070 3923 quas,
1087 3858 1240 3922 5151515555,

68 3941 135 3978 nanu
152 3935 293 3994 gestarem,
316 3925 464 3994 dabantur!
497 3925 540 3978 52.
559 3932 634 3993 turpe
651 3943 683 3992 c.,
707 3925 776 3977 lrons
792 3927 858 3989 lata,
882 3929 1001 3993 adspectu
1023 3927 1103 3977 mirus
1125 3926 1240 3990 iucunda,

69 4009 135 4060 quan
152 3997 284 4060 augustior
301 4003 327 4046 et
344 3997 444 4062 reliquis
461 3997 575 4062 partibus
594 3989 799 4060 convenientior!
832 3993 874 4046 56.
892 3995 1003 4046 55555115
1014 4000 1041 4046 51
1055 3995 1120 4056 alto,
1139 3996 1241 4046 hendia-

69 4065 124 4131 dys,
147 4066 165 4116 i.
183 4081 207 4131 q.
231 4063 344 4115 maculis
361 4065 440 4127 51515,
463 4080 489 4114 v.
508 4061 533 4128 1,
551 4059 610 4114 119.
645 4063 753 4114 Maxime
774 4065 945 4130 probabantur
967 4079 1060 4115 555555
1080 4064 1174 4115 rubeae
1196 4071 1241 4115 aut

71 4129 174 4202 1515551
208 4129 251 4186 51.
269 4149 301 4183 aa
347 4149 364 4183 a
383 4148 416 4196 5.,
439 4148 517 4183 55555
534 4128 642 4199 petens!
677 4129 812 4196 55155,
836 4140 947 4200 parturn,
970 4149 996 4183 5.
1014 4131 1038 4195 1,
1055 4131 1115 4184 291).
1133 4160 1169 4170 -
1201 4134 1243 4187 ati

68 4199 144 4266 1555,
160 4219 185 4252 5.
198 4202 228 4252 Ε.
240 4199 266 4264 2,
278 4148 347 4271 211
371 4197 414 4252 64.
431 4199 503 4252 Soloe
519 4217 608 4251 555555
626 4200 684 4266 quid
703 4201 742 4251 hic
759 4201 886 4266 significet,
904 4203 994 4252 docere
1009 4201 1109 4252 videtur
1124 4197 1151 4265 4,
1165 4148 1239 4269 1991

71 4263 101 4319 69
115 4285 150 4336 sq.
178 4271 281 4337 Semper
298 4275 371 4321 erunt
392 4275 485 4320 matres
503 4270 623 4336 quaedam
647 4283 734 4336 parum
759 4270 874 4332 idoneae,
898 4284 960 4335 quas
984 4285 1040 4329 cum
1063 4269 1121 4320 51115
1142 4276 1240 4320 mutare

70 4345 183 4452 11555155
207 4354 305 4405 semper
328 4339 391 4389 euim
416 4337 571 4401 mittendae,
595 4338 652 4388 15.
676 4338 797 4388 5555515
814 4338 914 4389 illarum
931 4338 1011 4388 lorum
1029 4333 1239 4404 substituendae!

85 4403 148 4474 (laq.
175 4423 205 4458 ne
222 4415 310 4474 postea
328 4408 442 4458 damnum
460 4422 514 4457 eum
532 4406 653 4457 desiderio
671 4407 778 4469 5551155,
802 4407 866 4471 elige
883 4407 1025 4472 quotannis,
1043 4420 1106 4471 quas
1123 4419 1156 4456 err
1172 4420 1239 4455 5555
