2942 4975
225 333 290 400 252
596 333 630 398 Ρ.
651 331 816 403 vtRGILI
839 331 1028 397 MARONIS

311 521 391 586 Esse
413 521 510 586 iubet.
555 519 682 584 Gaudet
703 537 804 601 regno
827 519 984 592 Troianus
1006 521 1149 601 Acestes,

313 604 619 688 Indicitque=f0rum
642 610 676 670 et
696 604 841 686 patribus
864 606 920 670 dat
940 605 1012 670 iura
1032 607 1162 673 vocatis.

313 693 395 757 Tum
416 691 521 756 vicina
542 690 637 755 astris
659 691 797 772 Erycino
819 691 852 754 in
873 691 994 756 vertice
1017 692 1110 757 sedes

227 777 291 842 760
312 777 479 842 Fundetur
500 775 619 842 Veneri
640 776 775 854 Idaliae,
796 777 983 856 tumuloque
1005 777 1154 842 sacerdos
1201 808 1209 837 ι

312 863 360 928 Ac
381 863 472 928 lucus
494 862 559 926 late
580 879 672 926 sacer
693 861 822 926 additur
843 861 1012 927 Anchiseo.

394 948 526 1028 lantque
549 946 616 1010 dies
640 946 770 1028 epulata
790 965 905 1010 novem
928 965 1007 1028 gens
1029 947 1143 1027 omnis,
1167 953 1201 1012 et
1224 947 1286 1013 aris

312 1033 430 1098 Factus
452 1033 567 1096 honos:
589 1031 708 1112 placidi
730 1036 915 1096 straverunt
936 1049 1076 1113 aequora
1097 1034 1195 1112 venti,

314 1117 433 1183 Creber
456 1120 490 1181 et
512 1117 677 1198 adspirans
698 1136 810 1181 rursus
830 1121 925 1196 vocat
946 1118 1064 1182 Auster
1085 1119 1119 1182 in
1141 1119 1253 1183 altum.

228 1202 293 1267 765
313 1202 467 1268 Exoritur
488 1220 645 1284 procurva
666 1201 780 1284 ingens
801 1220 860 1283 per
882 1202 978 1267 litora
999 1200 1109 1282 fletus;

314 1287 467 1369 Conplexi
488 1288 574 1351 inter
596 1305 631 1352 se
653 1291 846 1368 noctemque
868 1288 1016 1368 diemque
1037 1293 1213 1353 morantur.

314 1375 407 1454 Ipsae
429 1373 491 1438 iam
514 1377 647 1452 matres,
668 1373 742 1454 ipsi,
770 1372 884 1455 quibus
906 1391 1020 1454 aspera
1042 1374 1203 1454 quondam

201 1505 205 1512 1
313 1459 391 1535 Visa
412 1457 508 1524 maris
530 1457 629 1524 iacias
651 1462 685 1522 et
707 1476 772 1523 non
794 1457 963 1522 tolerabile
985 1477 1113 1538 numen,

315 1545 367 1610 Ire'
389 1543 503 1608 volunt
524 1561 713 1624 omnemque
735 1543 831 1624 fugae
852 1542 996 1624 perterre
1018 1543 1170 1628 laborem.
1213 1566 1227 1596 ι

205 1629 294 1694 ’770
316 1629 402 1706 Quos
424 1629 526 1694 bonus
548 1629 674 1694 Aeneas
698 1628 792 1692 dictis
814 1629 936 1693 solatur
958 1628 1067 1694 amicis

314 1715 358 1780 Et
380 1714 615 1795 consanguineo
639 1714 809 1782 lacrimare
833 1713 1036 1778 commendat
1057 1715 1205 1780 Acestae.

316 1799 387 1866 Tris
409 1800 506 1881 Eryci
526 1798 644 1862 vitulos
668 1803 702 1862 et
724 1799 981 1879 Tempestatibus
1004 1818 1117 1881 agnam

315 1885 456 1950 Caedere
479 1884 595 1948 deinde
617 1883 708 1947 iubet
730 1884 873 1965 solvique
896 1902 935 1948 ex
958 1885 1070 1950 ordine
1092 1883 1211 1950 lunam.

315 1971 402 2052 Ipse,
425 1974 522 2050 caput
544 1973 656 2034 tonsae
678 1967 763 2033 foliis
786 1970 932 2034 euinctus
952 1970 1064 2048 olivae,

229 2051 293 2122 775
315 2055 411 2120 Stans
432 2054 544 2136 procul
566 2054 598 2118 in
620 2073 716 2136 prora
738 2059 884 2135 pateram
907 2059 1011 2132 tenet,
1033 2059 1172 2136 extaque
1194 2059 1295 2124 salsos

315 2139 452 2207 Porricit
472 2139 506 2204 in
528 2138 644 2205 fluctus
666 2159 703 2204 ac
725 2141 799 2204 vina
820 2140 976 2221 liquentia
996 2138 1133 2225 fundit,

315 2225 526 2306 Prosequitur
548 2243 682 2307 surgens
705 2245 724 2290 a
745 2226 845 2308 puppi
865 2230 981 2290 ventus
1003 2225 1118 2290 euntis.

315 2311 470 2377 Certatim
493 2311 570 2376 socii
592 2309 712 2375 feriunt
733 2329 822 2376 mare
844 2315 878 2376 et
899 2328 1040 2392 aequora
1060 2315 1203 2375 verrunt.

396 2398 441 2461 At
462 2397 571 2462 Venus
593 2396 718 2461 interea
740 2397 924 2478 Neptunum
948 2395 1089 2462 exercita
1112 2397 1196 2461 curis

228 2481 293 2549 780
314 2482 520 2565 Adloquitur,
543 2481 681 2565 talisque
705 2481 839 2547 effundit
860 2485 992 2564 pectore
1014 2487 1162 2563 questus:

314 2569 445 2633 Iunonis
468 2568 573 2650 gravis
594 2568 644 2633 ira
665 2586 725 2633 nec
748 2568 962 2632 exsaturabile
988 2571 1101 2649 pectus

316 2654 443 2735 Cogunt
464 2670 528 2731 me,
550 2653 715 2735 Neptune,
737 2671 851 2735 preces
873 2653 1070 2717 descendere
1092 2653 1126 2717 in
1149 2654 1266 2733 omnis;

1298 2749 1325 2789 ‚.

234 2860 315 2910 (lboia
332 2857 412 2921 regio,
432 2863 457 2906 et
474 2856 571 2920 duvios,
589 2857 630 2921 qui
648 2864 720 2906 erant
738 2858 762 2905 in
780 2872 809 2907 ea
827 2864 899 2923 parte
917 2856 1024 2921 Siciliae,
1045 2856 1224 2908 Scamandrum
1242 2865 1268 2908 et
1284 2858 1395 2909 Siaoeeta

228 2927 369 2993 appellasse
392 2924 472 2975 fertur
489 2922 610 2994 Aeneas}
623 2920 703 2976 ’703
722 2925 777 2975 lad.
789 2925 834 2989 s.,
859 2925 940 2975 locum
962 2935 1107 2992 tempusque
1129 2928 1322 2977 exercendorum
1342 2925 1395 2976 iudi

229 2996 323 3045 ciorum
340 2994 462 3057 designat.
479 3020 513 3029 —
528 3008 554 3060 p.
573 2993 596 3042 d.
615 2995 632 3042 i.
651 3006 682 3055 u,
701 2994 743 3057 iis,
760 3009 821 3057 quos
840 2994 937 3057 legarat
954 3001 1038 3060 patres
1056 3010 1076 3044 s.
1095 3002 1241 3059 senatores,
1261 2996 1327 3059 leges
1343 2994 1395 3045 dell

231 3063 354 3114 berandas
378 3056 530 3127 proponitll
576 3058 720 3113 762-826.
744 3061 882 3111 oeream
909 3059 1087 3114 Troianorum.
1132 3062 1271 3131 Neptunus
1290 3064 1396 3131 precabar

186 3120 191 3135 ¹
230 3132 341 3184 Veneris
363 3135 490 3181 eucratas
514 3132 700 3195 navigantibus
723 3135 809 3180 tutam
828 3135 952 3197 praestat
972 3132 1073 3211 marat
1110 3128 1169 3181 762.
1187 3132 1322 3183 Perticalis
1342 3132 1396 3190 lasa,

229 3201 336 3266 lamque
356 3213 432 3265 saepe
455 3198 585 3265 subiicitur
602 3198 755 3248 enuntiatum
773 3213 788 3247 a
806 3199 973 3249 coniunctione
991 3214 1050 3249 cam
1065 3200 1196 3265 rncipiens,
1219 3207 1249 3251 ut
1266 3199 1290 3263 7,
1308 3197 1361 3252 104.
1377 3195 1396 3260 0

229 3266 286 3319 135.
306 3266 331 3330 7,
344 3262 395 3318 160
408 3273 432 3317 et
445 3262 503 3329 166,
521 3268 564 3316 sed
582 3267 704 3317 omittitur
721 3268 807 3317 eadem
825 3268 958 3331 interdum,
976 3274 1004 3317 ut
1016 3266 1040 3331 9,
1053 3263 1127 3331 4594
1158 3265 1217 3319 763.
1234 3282 1260 3319 v.
1272 3268 1301 3319 lt.
1313 3267 1338 3333 2,
1348 3263 1396 3327 261

229 3333 287 3389 764.
307 3336 440 3387 Ordinabis
458 3334 537 3385 verba
555 3336 617 3385 bunc
634 3335 659 3384 in
677 3336 789 3385 modum:
813 3334 849 3386 Et
865 3340 939 3386 vocat
956 3337 1046 3386 creber
1063 3336 1089 3398 (i.
1108 3352 1129 3386 e.
1147 3337 1256 3387 validior
1273 3353 1317 3388 aec
1333 3338 1398 3386 inter·
1449 3351 1450 3362 ¹

228 3408 331 3469 missus,
350 3403 380 3454 ei.
399 3401 423 3466 3,
441 3400 506 3521 63Οὲ
524 3403 680 3470 adspirans;
702 3418 726 3451 v.
746 3402 776 3453 G.
796 3404 819 3465 1,
837 3400 910 3470 1631
946 3401 1003 3454 766.
1023 3403 1105 3471 Coapt
1123 3408 1140 3455 t.
1158 3422 1189 3468 a,
1207 3405 1238 3455 cl.
1257 3404 1314 3455 Lir.
1332 3401 1397 3467 742.

229 3474 279 3525 Cic.
297 3474 343 3540 Ep.
363 3474 394 3523 ad
413 3473 464 3523 Att„
502 3508 508 3533 ,
528 3469 542 3519 1
566 3471 717 3535 „Cicerones
742 3472 812 3537 pueri
837 3478 921 3522 amant
942 3473 1006 3523 inter
1029 3477 1082 3523 se.“
1105 3490 1130 3522 v.
1149 3471 1180 3523 G.
1199 3471 1224 3536 1,
1238 3470 1318 3542 Ι1631
1350 3468 1397 3522 760.

228 3560 331 3594 numen.
351 3541 421 3592 blare
438 3543 503 3591 inter
521 3540 580 3589 deos
599 3542 713 3590 numerat
725 3541 815 3609 llygin.
830 3539 879 3590 tab.
892 3539 1000 3605 praefat.
1028 3540 1084 3604 „Ex
1101 3542 1211 3592 Aethere
1226 3549 1252 3593 et
1264 3541 1310 3592 Die
1322 3540 1399 3599 Terra,

229 3610 338 3674 Caelum,
357 3609 474 3672 blare,“
489 3614 515 3659 ct
528 3608 602 3673 paulo
621 3615 691 3673 post:
711 3608 767 3672 „Ex
779 3608 859 3659 Ponto
876 3617 902 3658 et
913 3608 993 3659 Meri
1005 3609 1188 3659 Oceanitides.“
1217 3609 1270 3661 Uno
1288 3607 1398 3661 vocabulo

229 3678 325 3728 Maris
344 3679 516 3743 complectitur
533 3676 633 3727 numina
651 3678 748 3727 marina
760 3677 881 3741 Virgilius
893 3674 936 3740 12,
949 3674 1006 3729 197.
1036 3682 1074 3726 Ac
1090 3693 1177 3727 namen
1190 3679 1244 3728 cius
1257 3676 1400 3731 intolerabile

229 3744 269 3795 b'n
286 3747 375 3795 dicitur
391 3747 428 3809 iis,
448 3747 497 3811 qui,
515 3746 613 3811 experti
623 3746 675 3795 eius
688 3746 841 3809 violentiam,
858 3747 961 3796 horrent
972 3761 999 3795 sc
1011 3747 1034 3796 ei
1046 3746 1123 3796 denuo
1136 3748 1298 3798 committere.
1327 3747 1400 3798 luto·

228 3814 395 3875 lerandus,
420 3814 547 3877 immanis,
570 3828 691 3878 vesanus,
714 3829 729 3863 a
747 3813 837 3864 Plauto
855 3815 946 3864 dicitur
963 3814 1093 3880 Neptunus
1111 3814 1180 3864 Trin.
1198 3811 1224 3878 A,
1243 3814 1267 3879 1,
1280 3812 1401 3867 7.-Α10

138 3882 140 3892 '
228 3880 342 3948 aonam!
377 3878 435 3933 769.
458 3881 490 3931 el.
514 3879 538 3944 1,
561 3880 600 3939 at
636 3880 694 3934 772.
713 3882 804 3949 Eryci,
827 3898 852 3932 v.
870 3896 909 3933 vs.
932 3879 974 3933 24.
999 3910 1033 3919 -
1058 3882 1306 3949 „Tempestatcs
1330 3880 1402 3950 populi

228 3950 331 4001 Romani
348 3950 438 4000 ritibus
456 3958 615 4002 consecratae
633 3954 714 4014 sunt,“
733 3951 784 4001 Cic.
801 3951 861 4002 Nat.
880 3951 909 4000 l).
927 3948 952 4015 3,
970 3948 1011 4001 20.
1030 3950 1117 4001 llorat.
1134 3950 1213 4017 Epod.
1233 3950 1275 4016 10,
1292 3949 1327 4003 23
1338 3958 1362 4002 et
1377 3946 1402 3999 cl.

227 4016 253 4081 3,
273 4016 331 4070 120.
382 4013 440 4066 773.
459 4034 494 4067 erc
511 4018 575 4081 ord,
594 4020 644 4082 ita,
661 4026 690 4069 at
708 4020 792 4069 solvat
809 4020 859 4069 alia
876 4020 947 4069 navis
965 4026 1021 4085 post
1044 4020 1126 4071 eliam.
1143 4046 1178 4055 —
1193 4020 1271 4084 saa,
1293 4036 1321 4071 v.
1338 4019 1367 4070 0,
1382 4016 1401 4079 1,

227 4083 303 4155 4574
355 4084 396 4137 74.
414 4100 439 4134 ν.
457 4084 487 4135 G.
505 4083 531 4148 3,
548 4084 590 4136 21.
608 4112 643 4123 -
661 4088 756 4150 olivae,
782 4087 839 4152 quia
863 4102 948 4153 pacem
972 4090 1073 4138 deornm
1096 4084 1245 4207 implorat.¹;
1272 4084 1332 4139 775.
1348 4087 1403 4138 alias

259 4169 305 4210 cra
326 4155 389 4205 liunt
410 4154 434 4203 in
458 4153 544 4219 puppi,
570 4154 608 4204 bic
634 4156 657 4204 in
680 4169 788 4219 prora,
816 4156 872 4219 quie
896 4157 1034 4207 discedite
1056 4154 1153 4222 portal
1193 4153 1226 4206 77
1247 4194 1253 4207 .
1280 4157 1329 4208 Cic.
1353 4156 1404 4208 Nat

253 4264 259 4275 .
284 4222 312 4289 3,
336 4219 371 4273 20
397 4222 500 4286 „Nostri
524 4221 620 4285 quidem
643 4224 716 4273 duces
741 4238 809 4272 mere
832 4224 996 4287 ingredientes
1020 4225 1146 4274 immolare
1168 4225 1278 4275 bostiam
1304 4224 1405 4277 flueti-
1448 4263 1449 4282 ,

230 4294 284 4344 bus
310 4285 530 4361 consueverunt.“fl
582 4286 639 4341 782.
667 4293 695 4341 ia
720 4306 787 4341 orna.
813 4296 874 4357 puta
904 4295 1006 4343 etiam
1039 4295 1072 4343 ta
1101 4292 1332 4357 humillimam
1366 4295 1405 4343 bu-

229 4363 287 4413 mile
315 4367 353 4412 est
377 4362 453 4423 enim,
479 4358 617 4427 supplicare
640 4360 714 4410 etiam
737 4360 896 4423 adversario,
921 4359 952 4410 cf.
969 4375 1008 4410 vs,
1025 4356 1078 4412 810
1094 4376 1132 4425 sq.
1161 4358 1187 4423 2,
1205 4357 1266 4415 610.
1296 4363 1365 4413 liora.
1381 4360 1406 4411 ll.
