2942 4975
195 342 278 383 xum

196 508 285 581 ribus,
308 522 381 582 quae
397 510 465 566 ante
478 506 509 564 in
523 506 616 565 lucem
629 505 731 577 emisit,
754 502 927 563 carminibus
939 509 1020 563 recte
1032 504 1186 580 immonni
1200 505 1259 564 dici
1274 507 1381 578 potuit.

197 596 244 655 Ex
270 594 314 652 bis
341 589 522 664 consequitur
543 590 694 665 Virgilium
720 590 862 663 principio
886 590 1012 649 noluisse
1037 590 1114 647 ultra
1135 591 1259 662 primum
1281 597 1312 649 et
1332 608 1381 649 se-

199 678 321 748 cunlum
343 678 448 736 librum
475 676 641 749 procedere.
685 674 742 733 Sed
763 675 808 733 his
829 674 867 732 ad
888 672 974 733 finem
995 674 1141 747 perductis
1161 675 1317 735 Maecenas
1339 677 1382 733 ad

198 766 257 825 alia
277 768 394 837 poetam
415 764 535 833 vocavit,
557 767 587 820 et
605 766 717 833 partem
735 762 778 819 rei
792 761 916 818 rusticae
931 765 1042 818 restare
1060 760 1217 819 amouens
1236 767 1267 819 et
1286 762 1378 819 muita

198 852 228 909 in
256 849 359 922 mythis
388 863 463 919 esse,
491 852 524 905 ut
550 845 665 905 labores
691 845 838 916 Herculis,
867 862 941 918 quae
965 845 1097 903 Romana
1125 847 1222 918 poesis
1249 845 1377 904 nondum

198 935 335 1009 attigerit.
378 932 425 991 Sic
447 932 559 991 demum
580 931 762 1003 intelligitur,
787 931 864 1003 quod
885 937 1037 1003 praeterea
1057 931 1183 1003 intelligi
1201 931 1251 989 vix
1272 936 1382 1003 potest,

198 1019 341 1094 quomodo
370 1034 404 1077 ea
430 1018 460 1075 in
487 1017 543 1075 hoc
569 1016 644 1075 libro
672 1017 766 1075 locum
791 1017 917 1074 inuenire
943 1016 1101 1089 potuerint,
1128 1032 1204 1088 quae
1228 1033 1269 1074 νε.
1294 1019 1383 1077 3-8

200 1108 408 1181 (Cetera-Acer
434 1106 524 1175 eqeb)
554 1102 695 1175 leguntur.
750 1102 831 1174 Ergo
862 1101 918 1159 boc
950 1101 1021 1159 dicit
1052 1102 1201 1173 Virgilius,
1234 1101 1315 1159 nolle
1346 1119 1383 1159 se

199 1192 349 1256 materiam
371 1188 504 1247 carminis
526 1204 544 1245 a
565 1186 650 1245 rebus
673 1186 778 1245 dudum
800 1187 930 1245 mactans
949 1186 1061 1257 ducere,
1082 1186 1133 1245 sed
1148 1185 1282 1258 scribere,
1306 1204 1385 1259 quae
1467 1255 1468 1262 ἵ

200 1276 304 1335 Graeci
327 1277 434 1347 ,poetae
462 1274 633 1345 intemptata
659 1273 836 1344 reliquerint
884 1272 956 1329 Eius
982 1277 1077 1330 autem
1104 1272 1217 1344 generis
1242 1277 1311 1329 sunt
1335 1288 1384 1344 ee,

200 1376 274 1434 qnae
302 1359 338 1417 de
365 1374 397 1417 re
424 1358 559 1429 pecuaria
585 1362 614 1415 et
641 1358 754 1429 apiaria
775 1358 983 1429 compositurus
1006 1362 1057 1415 est
1100 1356 1202 1429 Itaque
1223 1373 1299 1429 quae
1321 1358 1378 1415 iam

200 1449 356 1518 sequuntur
377 1447 538 1515 temptanda
559 1446 608 1499 oia
630 1454 670 1499 est
689 1459 778 1515 usque
800 1442 838 1500 ad
859 1459 900 1499 vs.
919 1445 960 1502 45
981 1458 1047 1513 non,
1069 1446 1102 1498 ut
1123 1441 1239 1514 quidam
1260 1440 1384 1513 faciunt,

199 1532 229 1589 in
252 1528 354 1603 quibus
368 1527 530 1604 Vossius*),
553 1528 590 1586 ad
604 1527 748 1586 Aeneidos
767 1526 937 1587 condendae
957 1526 1064 1585 referes
1087 1527 1243 1599 consilium,
1266 1527 1320 1584 sed
1342 1528 1383 1585 ad

200 1615 380 1689 propositum
407 1613 506 1686 primis
533 1613 609 1671 binis
629 1612 758 1671 versibus
785 1612 954 1683 indicatum,
982 1612 1058 1685 quod
1084 1612 1141 1684 ipsi
1160 1618 1265 1685 poetae
1287 1614 1380 1670 multo

199 1702 264 1774 plus
280 1698 466 1771 difficultatis,
488 1715 572 1770 quam
593 1697 661 1756 libri
681 1698 850 1770 superiores,
871 1696 978 1756 habere
997 1697 1088 1754 visum
1110 1702 1154 1755 est
1174 1699 1268 1767 (laod
1281 1701 1386 1754 modic

200 1789 278 1843 torsa
299 1785 477 1843 Maecenatis
498 1801 538 1841 νε.
561 1786 601 1843 41
625 1782 779 1858 appellat),
808 1784 894 1841 simul
920 1799 988 1840 vero
1011 1783 1048 1841 ad
1070 1798 1149 1840 suam
1171 1784 1296 1855 gloriam
1319 1781 1383 1841 cffi-

201 1872 296 1929 oacins
318 1886 379 1928 esse
402 1874 430 1927 et
452 1870 602 1939 illustrium
624 1886 691 1926 nam
706 1870 815 1940 primus
827 1868 1023 1926 Romanorum
1045 1868 1188 1944 (consulto
1205 1868 1282 1925 enim
1296 1885 1380 1940 prae·

200 1963 281 2017 tereo
302 1952 456 2030 Lucilium)
484 1954 515 2011 in
541 1959 709 2027 argumento
737 1952 890 2012 elaborare
915 1969 999 2011 ausus
1026 1958 1114 2011 esta
1140 1952 1258 2011 Graeeis
1286 1955 1385 2026 poetis

201 2041 416 2116 praetermissa
446 2039 513 2097 hinc
541 2040 693 2110 „intacti
721 2040 858 2097 saltus“
884 2055 925 2095 νε.
953 2040 1009 2108 41;
1038 2044 1124 2111 atque
1150 2037 1221 2096 haec
1248 2043 1294 2096 est
1320 2040 1384 2108 illa,

201 2143 286 2200 quam
306 2142 347 2183 νε.
372 2128 390 2185 9
414 2130 442 2181 et
465 2127 505 2183 17
528 2122 584 2181 sibi
604 2124 756 2196 promittit,
775 2124 910 2193 victoria3
931 2124 1006 2181 hanc
1027 2122 1065 2181 ab
1084 2124 1150 2196 ipsa
1162 2122 1296 2181 =Graecia
1316 2124 1383 2195 sibi,

200 2212 332 2271 Romano
347 2209 464 2283 homini,
486 2225 650 2269 conoemum
664 2226 776 2281 unaque
790 2208 1021 2267 concelebratum
1034 2209 1072 2266 iri
1086 2206 1205 2267 confidit
1222 2225 1263 2267 vs.
1280 2210 1378 2281 191'sq.

201 2296 259 2355 Sed
284 2300 401 2369 praeter
430 2312 478 2367 ea,
508 2311 581 2367 quae
607 2311 694 2367 supra
721 2294 953 2367 memoravimus,
980 2293 1134 2352 Maecenas
1161 2294 1248 2351 etiam
1274 2299 1309 2351 ut
1334 2311 1382 2353 res

201 2381 333 2441 Caesaris
355 2380 505 2439 Octaviani
526 2380 652 2439 carmine
673 2380 831 2452 extolleret,
852 2379 984 2438 hortatus
999 2384 1070 2452 erat,
1090 2379 1121 2437 id
1135 2378 1212 2451 quod
1227 2380 1384 2438 ostendunt

201 2484 255 2528 νεε.
278 2468 419 2549 tta—48,
449 2466 550 2539 quibus
576 2464 705 2524 uersibus
727 2465 883 2524 Aeneidem
909 2462 1065 2538 significari
1085 2465 1132 2523 vix
1159 2463 1387 2537 persuadebitur

202 2555 236 2626 ei,
260 2554 308 2626 qui
322 2557 451 2610 mdcotm
467 2555 598 2610 Caesaris
606 2572 719 2622 paphos
741 2552 779 2610 ad
799 2552 860 2608 tale
881 2556 1086 2624 argumentum,
1109 2551 1193 2623 quale
1207 2551 1237 2608 in
1251 2550 1385 2608 Aeneide

201 2642 367 2710 persecutus
390 2642 434 2695 est
454 2642 549 2709 poeta,
572 2636 648 2694 trahi
670 2652 755 2709 posse
775 2637 931 2708 negaverit.
961 2636 1008 2693 Ita
1022 2636 1218 2709 qniloquitur,
1241 2651 1382 2694 summam

203 2724 263 2782 eius
285 2722 419 2780 carminis
440 2721 479 2778 ad
501 2720 598 2780 laudes
621 2720 739 2779 bellicas
761 2720 893 2779 Caesaris
913 2721 1072 2779 redituram
1098 2737 1161 2780 esse
1186 2726 1324 2790 testatum
1351 2726 1386 2778 at·

202 2809 232 2866 in
259 2806 400 2878 Aeneide,
431 2806 455 2864 si
483 2806 643 2879 exceperis,
672 2822 745 2879 quae
770 2807 900 2864 universe
921 2806 1007 2867 ,dicta
1034 2811 1100 2864 sunt
1126 2807 1145 2864 l.
1169 2808 1202 2877 1,
1224 2807 1287 2866 286
1311 2823 1387 2879 sqq,

202 2893 274 2952 nihil
297 2908 331 2950 eo
353 2891 479 2963 pertinet
499 2895 616 2963 praetor
629 2909 755 2964 pugnam
769 2892 918 2950 Actiacam
931 2892 951 2948 l.
966 2893 995 2962 8,
1012 2894 1073 2953 675
1089 2907 1150 2964 sqq.
1172 2889 1386 2951 adumbratam.
1467 2896 1468 2899 ’

203 2979 309 3037 Verum
330 2981 362 3034 ut
382 2981 478 3034 umen
500 2976 595 3048 aliquo
617 2976 704 3054 modo
726 2977 867 3036 voluntati
881 2977 1059 3034 Maecenatis
1073 2976 1260 3048 Caesarisque
1278 2976 1384 3035 honori

203 3064 299 3122 statim
315 3060 501 3134 satisfaceret,
523 3061 693 3135 interpoth
715 3079 759 3133 ea,
781 3063 1071 3135 quaevss.13-39
1095 3060 1388 3134 comprehenduntur.

203 3148 260 3211 Sed
281 3147 328 3206 hic
348 3165 423 3207 nova
443 3146 589 3206 suboritur
611 3147 766 3219 dubitatio,
793 3165 877 3220 quam
899 3147 999 3205 obiicit
1018 3152 1143 3220 tempus,
1165 3163 1222 3220 quo
1243 3147 1384 3219 scriptum

202 3233 333 3292 videatur
348 3233 403 3292 hoc
418 3233 576 3291 exordium.
610 3233 667 3291 Res
683 3232 719 3292 ab
735 3235 812 3291 omni
828 3237 913 3304 parte
931 3233 1074 3305 pensitata
1094 3249 1152 3289 non
1173 3248 1230 3289 uno
1252 3237 1387 3303 tempore

204 3319 300 3378 omnia
325 3318 396 3377 haec
423 3319 531 3390 scripta
558 3334 620 3376 csse
648 3319 759 3376 cumcit.
803 3318 879 3377 Illud
904 3318 1027 3390 primum
1052 3315 1178 3376 dubitari
1198 3333 1256 3374 non
1277 3323 1387 3388 potest,

204 3405 271 3479 quin
299 3409 399 3476 poeta,
430 3419 493 3462 cum
518 3402 667 3461 inchoaret
693 3403 768 3460 hunc
795 3403 913 3473 librum,
941 3402 1013 3460 nihil
1038 3404 1118 3475 prius
1143 3402 1200 3460 sibi
1221 3400 1385 3460 iaciendum

203 3490 416 3560 existimaverit,
439 3505 524 3561 quam
545 3493 578 3546 ut
599 3489 778 3561 propositum
800 3505 881 3546 suum
902 3487 1075 3557 declararet;
1096 3488 1173 3546 unde
1193 3492 1317 3559 apparet
1331 3488 1389 3545 ali·

204 3591 259 3648 quo
281 3574 376 3646 modo,
399 3574 514 3646 qnando
536 3575 646 3632 exarati
668 3574 724 3632 sint
745 3590 842 3632 versus
864 3574 972 3646 primus
989 3578 1023 3630 -et
1044 3573 1192 3631 secundus.
1236 3570 1307 3629 Cum
1329 3572 1389 3631 hac

203 3660 346 3733 propositi
368 3660 516 3718 notatione
538 3659 734 3732 coniungenda
756 3664 826 3729 erat,
850 3676 934 3732 quam
955 3657 1043 3716 hodie
1059 3659 1215 3730 appellant,
1238 3657 1386 3716 dedicatio

118 3790 123 3801 .
204 3745 285 3815 libri3
308 3760 392 3816 quem
406 3761 478 3815 cum,
500 3749 532 3801 ut
547 3749 665 3816 ceteros,
687 3748 775 3816 poeta
788 3743 951 3802 Maecenati
971 3744 1107 3802 mnsurns
1129 3749 1212 3815 esset,
1234 3758 1292 3800 non
1314 3742 1386 3800 lice-

205 3829 269 3900 bat,
293 3845 365 3902 quae
387 3829 435 3886 ille
458 3829 588 3887 hortatus
610 3834 673 3887 erat
696 3829 765 3905 (qua
785 3830 821 3887 de
841 3847 875 3888 re
895 3845 983 3901 supra
1004 3827 1139 3903 dimus)
1162 3828 1276 3886 silentio
1297 3844 1391 3899 prae-

205 3915 301 3973 terire.
342 3913 417 3972 Illud
439 3929 550 3988 quoque
573 3931 659 3986 snpra
682 3916 840 3986 expositum
862 3919 913 3986 est,
936 3930 992 3986 quo
1013 3915 1125 3972 unoulo
1147 3913 1218 3971 haec
1239 3912 1387 3985 particula

206 4002 415 4071 (Oetae-Acer
437 4003 527 4071 equis)
556 4000 692 4072 colligata
719 4001 757 4057 sit
783 4015 846 4057 cum
867 3998 995 4058 versibus
1016 3997 1256 4074 subsequentibus.
1299 3995 1390 4070 Ergo

206 4090 235 4143 et
255 4085 363 4157 primos
385 4100 482 4142 versus
504 4086 545 4144 25
567 4089 596 4141 et
617 4101 670 4142 νεε.
694 4086 831 4144 40-48
854 4101 911 4142 uno
933 4083 1087 4156 eodemque
1108 4090 1238 4156 tempore
1259 4082 1390 4154 scriptos

204 4168 400 4230 iudicabimus.
445 4167 551 4228 Contra
571 4170 698 4242 ipsarum
720 4187 815 4228 rerum
837 4171 914 4237 ran'o
934 4170 1043 4228 indicat
1063 4185 1160 4228 versus
1175 4170 1390 4229 26—'39non

274 4351 300 4415 ΙΙΙ)
318 4353 391 4420 Apud
410 4351 525 4402 Servium
542 4354 594 4404 cius
613 4353 649 4402 rei
666 4368 709 4402 uec
726 4353 846 4403 volanae
861 4353 1000 4416 vestigium.

1293 4438 1318 4477 θ’
