2942 4975
223 303 289 374 220
599 303 633 368 Ρ.
655 286 820 367 vinulis
840 301 1030 368 MARONIS

311 489 400 556 Haec
422 508 457 554 se
481 489 673 558 carminibus
695 489 856 570 promittit
875 489 1001 554 solvere
1022 495 1156 568 mentes,
1193 503 1197 508 ’
1246 527 1249 533 =

312 574 397 652 Quas
420 575 510 654 velit,
533 580 584 640 ast
600 573 675 640 “aliis
698 575 794 640 duras
815 574 979 640 inmittere
1002 594 1107 655 curas3

311 659 431 724 Sistere
453 679 568 742 aquam
589 657 705 738 fluviis,
729 663 764 724 et
784 665 911 725 vertere
932 660 1040 730 sidera
1061 666 1164 741 retro;

221 745 289 812 400
310 745 555 827 Noctumosque
578 749 685 810 movet
707 744 823 823 Manis;
845 746 969 826 mugire
990 746 1112 812 ridebis

311 829 376 896 Sub
398 830 532 912 pedibus
554 835 686 909 terram,
710 835 744 896 et
766 831 961 899 descendere
983 832 1145 908 monnbus
1166 851 1270 901 ornos

311 915 438 996 Testor,
462 935 548 994 cara,
571 917 647 980 deos
671 921 771 994 etta,
794 934 958 996 germana,
980 920 1135 998 tuumque

310 1001 413 1066 Dulce
436 1005 544 1082 caput,
566 1001 705 1082 magicas
727 1001 860 1066 inritam
881 1001 1043 1082 accingier
1062 1003 1150 1068 artis.

311 1086 359 1151 Tu
382 1092 508 1152 secreta
528 1105 638 1168 pyram
660 1091 748 1152 tecto
770 1087 922 1151 interiore
944 1086 1003 1153 sub
1026 1107 1120 1153 auras

220 1172 288 1238 495
309 1171 421 1252 Erige,
443 1176 477 1235 et
498 1191 586 1239 arma
607 1171 679 1249 viri,
702 1171 841 1257 thalamo
864 1190 947 1253 quac
968 1171 1031 1238 fixa
1052 1173 1184 1254 reliquit

310 1257 442 1338 Impius,
466 1257 658 1339 caudasque
681 1257 796 1336 omnis,
818 1258 1001 1338 lectumque
1022 1258 1171 1339 iugalem,

311 1341 380 1419 Quo
402 1342 496 1423 perii,
518 1342 782 1424 superimponent:
804 1342 934 1407 abolere
956 1342 1086 1408 nefandi

311 1425 434 1492 Cuncta
455 1427 515 1492 viri
536 1433 745 1493 monumenta
764 1427 854 1492 iuvat
876 1433 1098 1512 monstratque
1119 1429 1279 1500 sacerdos.
1366 1447 1374 1452 ·

232 1590 235 1600 .
310 1512 398 1577 Haec
422 1511 517 1578 effata
539 1513 626 1592 silet3
649 1514 753 1595 pallor
773 1513 869 1577 simul
890 1518 1028 1595 occupat
1048 1533 1113 1579 ora

221 1598 289 1664 500
309 1598 381 1662 Non
404 1603 512 1664 tamen
534 1600 627 1664 Anna
648 1599 739 1663 novis
759 1603 948 1679 praetexere
970 1599 1085 1665 funera
1105 1600 1205 1667 sacris

311 1682 503 1748 Germanum
527 1684 642 1761 credit,
664 1702 724 1748 nec
747 1688 854 1748 tantos
876 1688 985 1750 mente
1007 1683 1131 1750 furores

310 1767 468 1850 Concipit,
492 1773 547 1834 aut
570 1767 716 1850 graviora
738 1769 844 1848 timet,
866 1789 962 1851 quam
983 1774 1088 1835 morte
1110 1769 1256 1852 Sychaei.

308 1853 395 1934 Ergo
416 1855 503 1918 iussa
524 1859 624 1935 parat.

391 1940 435 2002 At
456 1939 581 2020 regina,
603 1959 682 2022 pyra
702 1939 862 2020 penetrali
882 1940 916 2003 iu
938 1941 1015 2004 sede
1038 1939 1096 2004 sub
1119 1957 1213 2006 auras

221 2023 288 2089 505
309 2024 428 2088 Erecta
449 2023 572 2106 ingenti
594 2025 697 2090 taedis
719 2030 818 2106 atque
837 2025 911 2090 ilice
933 2030 1031 2104 secta,

307 2109 514 2191 Intenditque
537 2110 642 2174 locum
664 2111 761 2176 sertis
783 2115 818 2175 et
839 2109 953 2175 fronde
976 2115 1108 2176 coronat

308 2195 468 2273 Funerea3
491 2214 587 2277 super
609 2196 739 2262 exuvias
761 2214 935 2276 ensemque
956 2196 1105 2260 relictum

307 2278 517 2362 Effigiemque
540 2286 611 2348 toro
634 2282 734 2359 locat,
756 2281 842 2346 haud
863 2281 976 2362 ignara
996 2279 1106 2346 futuri.

308 2364 402 2431 Stant
424 2385 499 2432 arae
523 2367 653 2447 circum,
677 2372 710 2432 et
733 2367 829 2432 erinis
852 2365 953 2431 effusa
973 2367 1123 2433 sacerdos

219 2449 286 2515 510
308 2452 372 2518 Ter
394 2456 523 2519 centum
545 2458 637 2519 tonat
660 2471 715 2519 ore
738 2453 829 2531 dece,
855 2452 1059 2533 Erebumque
1081 2451 1250 2534 Chaosque

308 2538 593 2620 Tergeminamque
616 2540 775 2616 Hecaten,
798 2538 863 2603 tria
881 2538 1013 2619 virginis
1036 2556 1093 2603 ora
1112 2538 1245 2604 Dianae.

221 2767 298 2831 igitur
316 2765 339 2819 ei
374 2782 474 2833 apavcr,
493 2784 540 2819 non
560 2785 606 2833 quo
626 2770 765 2835 sopiretur,
788 2771 831 2819 sed
850 2785 897 2834 quo
916 2767 1095 2835 mitigaretur!
1131 2764 1191 2817 487.
1209 2767 1318 2833 sowere,
1334 2767 1391 2817 surb
1447 2761 1448 2804 1

222 2851 242 2884 s.
262 2851 353 2886 amore.
404 2833 464 2887 489.
483 2834 514 2886 ci.
533 2836 613 2903 Apoll.
631 2836 709 2887 llbod.
727 2834 752 2898 3,
770 2834 822 2888 532
839 2835 892 2905 sq!
928 2834 988 2889 490.
1007 2836 1091 2899 Nost,
1109 2834 1392 2897 evaeos-moer,
1447 2889 1448 2898 ¹

220 2911 319 2954 evocat.
338 2932 370 2941 -
389 2908 494 2969 ningere
511 2906 614 2969 ridebis,
634 2911 662 2955 ut
679 2902 768 2955 Aes'cb.
787 2906 855 2972 Sept.
874 2907 907 2955 sd
924 2905 972 2956 Th.
991 2903 1041 2957 100
1058 2895 1187 2965 ,κτύπον
1204 2900 1392 2973 δέδορκα.“Ι

221 2970 272 3023 492
285 2988 321 3037 sq.
340 2973 445 3025 Causam
464 2974 536 3024 buius
554 2974 723 3031 excusationis
742 2975 823 3040 aperit
834 2975 950 3025 Servius:
966 2974 1046 3036 „Cum
1064 2974 1143 3023 muba
1161 2987 1236 3023 sacra
1250 2974 1394 3039 anscherum

220 3040 336 3104 Romani,
357 3042 481 3104 magica
508 3057 606 3109 semper
628 3041 817 3111 damnarunt“1
860 3039 920 3093 494.
947 3048 1046 3093 secretu
1071 3057 1116 3108 pro
1140 3042 1267 3092 Aduerbio
1292 3046 1393 3097 serrem·

221 3124 308 3175 nempe
325 3111 390 3174 quod
409 3111 440 3159 ad
458 3110 568 3164 Verbum
587 3116 642 3160 erat
659 3109 822 3174 referendum,
840 3109 950 3161 retertur
968 3113 998 3161 ad
1011 3110 1118 3172 Nemeu3
1137 3109 1168 3159 ci.
1186 3108 1211 3173 5,
1230 3106 1290 3162 387.
1307 3108 1333 3171 7,
1344 3104 1393 3159 404.

222 3175 262 3240 11,
279 3174 340 3230 864.
358 3206 392 3217 -
404 3182 470 3228 teoto
488 3180 613 3229 interiore
631 3180 725 3240 (medio
744 3183 808 3230 tecti
824 3178 848 3241 7,
860 3177 914 3242 59),
932 3196 961 3229 eo
979 3180 1033 3229 loco
1051 3179 1082 3228 ab
1101 3179 1160 3245 ipsis
1176 3179 1281 3228 aedibus
1299 3179 1394 3228 circum·

219 3246 297 3309 cluso,
316 3248 357 3313 qui
374 3247 516 3313 impluvium
535 3247 625 3297 dicitur
641 3247 782 3317 Romania}
815 3244 876 3298 496.
895 3251 1016 3310 mutas,
1041 3246 1071 3296 cl.
1095 3262 1134 3296 vs.
1153 3243 1204 3297 648
1222 3250 1247 3295 et
1264 3243 1316 3297 651
1334 3253 1359 3298 et
1374 3260 1392 3293 r.

221 3314 249 3365 Ε.
262 3314 286 3373 8.
301 3311 355 3381 91.Ι
391 3312 450 3367 500.
469 3322 494 3365 et
504 3322 659 3382 praetexere
676 3316 758 3365 alicui
774 3318 815 3367 rei
830 3316 930 3381 aliquid
947 3317 1036 3367 dicitur
1052 3322 1077 3365 et
1093 3319 1178 3382 praet.
1197 3314 1298 3380 adhorti
1314 3316 1393 3379 aliquo

221 3399 258 3450 re,
276 3386 402 3451 multaque
420 3384 545 3445 similiter,
568 3390 597 3435 ut
620 3398 659 3434 vs.
683 3380 744 3435 506.
767 3383 792 3447 5,
814 3380 872 3435 536.
892 3384 916 3447 6,
934 3382 994 3436 229.
1013 3383 1043 3435 G.
1061 3382 1087 3444 3,
1109 3380 1162 3434 399
1179 3384 1315 3448 eodemque
1331 3385 1394 3432 mods

220 3468 334 3505 eoemrssa
351 3456 485 3519 magistro
507 3456 581 3503 uaeas
603 3450 668 3502 inlra
691 3449 715 3514 6,
740 3449 814 3521 3531
848 3450 989 3517 50211111,
1013 3468 1039 3502 v.
1062 3451 1088 3516 2,
1111 3449 1170 3503 779.
1187 3479 1223 3489 -
1239 3467 1320 3517 quam
1342 3463 1394 3516 quse

219 3523 360 3573 acciderant
377 3526 460 3573 nrorte
476 3520 518 3572 ἅτ
538 3528 563 3571 et
580 3521 734 3584 significatur
751 3522 915 3585 gravissimus
932 3522 974 3571 illa
996 3522 1077 3571 luctus
1095 3519 1211 3583 Didonis,
1233 3521 1275 3585 qui
1298 3526 1395 3571 merten

220 3588 327 3655 Sychaei
353 3596 498 3642 consecutus
526 3588 605 3655 erat!
640 3585 699 3641 504.
726 3587 758 3639 cl.
784 3606 823 3640 vs.
845 3587 921 3657 4944
955 3586 1015 3641 507.
1038 3589 1118 3649 Fun,
1142 3585 1312 3655 cupressina}
1345 3583 1394 3639 506
1447 3633 1448 3644 ,

220 3654 347 3722 Effigiem
361 3661 474 3718 Aeneae,
498 3659 569 3725 quia,
593 3664 621 3708 ut
644 3658 680 3707 ait
703 3657 821 3723 Servius,
847 3660 926 3709 solent
949 3659 1014 3723 magi
1037 3657 1130 3720 elimes
1148 3672 1234 3706 eorum
1252 3656 1395 3721 (absmdm

218 3724 328 3791 scilicet)
347 3724 437 3791 lacere,
456 3734 557 3793 propter
575 3742 635 3791 quos
654 3742 754 3789 suerum
771 3728 916 3791 instituerim
935 3731 960 3777 1.
972 3727 1001 3777 E.
1013 3725 1038 3790 8,
1052 3723 1093 3777 73.
1122 3724 1243 3775 solebant
1254 3740 1300 3775 ese
1311 3724 1395 3788 efligies

141 3800 143 3805 '
218 3794 260 3843 vel
272 3794 358 3845 lancae
370 3810 425 3845 esse
436 3797 477 3846 vel
490 3792 598 3862 cereae]
624 3792 683 3847 510.
705 3794 756 3847 Ter
768 3795 878 3860 cadmia,
890 3796 989 3858 multos,
1002 3795 1126 3861 plurimos,
1139 3800 1168 3843 ut
1178 3791 1204 3857 8,
1214 3790 1274 3843 716.
1286 3804 1395 3845 numeres

218 3868 245 3913 et
262 3863 387 3912 termarius
405 3870 431 3913 ct
448 3865 602 3915 centenarius
622 3864 657 3930 (v.
676 3862 707 3915 G.
725 3861 750 3927 3,
764 3862 808 3929 18)
826 3864 950 3915 sollemnis
968 3864 991 3913 in
1010 3880 1038 3915 re
1056 3877 1143 3921 sacra3
1162 3863 1247 3927 itaque
1263 3863 1331 3928 apud
1349 3862 1394 3911 Liv.

218 3927 291 3994 22,8
317 3931 386 3994 ‚,1uui
403 3933 486 3995 magni
503 3934 557 3982 voti
573 3933 639 3983 aeris
656 3934 815 3983 trecentis
833 3934 974 3993 triginta
992 3932 1097 3981 tribus
1115 3930 1230 3993 millibus,
1248 3928 1395 3981 trecentis

219 3999 354 4062 triginta
371 3999 475 4049 tribus
492 4001 638 4051 triente.“
657 4028 691 4037 -
709 4006 791 4062 tonat,
808 4015 899 4064 magns
916 4016 978 4050 voce
994 4001 1103 4050 invocat.
1120 4024 1155 4034 —
1176 3998 1258 4048 Chaos
1276 3999 1395 4055 inlinitum,

219 4068 284 4132 quod
294 4066 355 4118 'erut
367 4073 498 4131 uunquam
510 4069 638 4132 quicquam
650 4075 761 4118 creatum
773 4076 847 4131 esset,
865 4069 985 4133 spatium,
1004 4076 1056 4119 tum
1068 4068 1152 4130 ingens
1164 4073 1303 4132 castusque
1314 4068 1395 4124 Orcus,
1447 4127 1448 4130 Ἴ

219 4136 293 4187 Ouid.
306 4135 365 4187 Met.
379 4132 419 4198 10,
429 4132 471 4185 30.
502 4135 583 4185 Chaos
601 4137 624 4185 in
642 4151 719 4185 cauae
737 4136 770 4185 ad
789 4135 880 4186 isleras
898 4144 1027 4202 spectante
1042 4138 1174 4186 invocatur
1185 4136 1216 4184 ab
1230 4136 1285 4201 ipso
1297 4134 1395 4199 virgus·

220 4201 245 4268 6,
262 4201 321 4257 265.
357 4204 464 4255 Ecbao
481 4210 554 4253 uatus
573 4201 719 4271 Erebum!
754 4199 813 4254 511.
832 4205 910 4255 Distu
928 4205 1020 4270 triceps
1030 4212 1077 4255 est
1093 4204 1193 4263 eadem,
1211 4219 1277 4268 quae
1297 4204 1394 4259 Hecate

220 4275 315 4325 dnobus
333 4274 409 4338 igitur
421 4272 557 4323 nominibus
570 4272 593 4321 b.
606 4272 623 4321 l.
636 4273 722 4322 eadem
741 4273 789 4322 des
805 4272 966 4336 significatur,
985 4274 1029 4324 sed
1047 4274 1090 4336 ita,
1108 4278 1138 4322 ut
1149 4272 1216 4321 vires
1227 4278 1394 4338 estpotestate!
1447 4281 1448 4324 i

217 4344 271 4395 eius
290 4343 405 4395 diversae
423 4340 587 4392 declarentur.
622 4339 739 4391 Servius:
762 4340 844 4404 „Cum
860 4356 935 4407 super
953 4348 1034 4391 terras
1051 4348 1104 4405 est,
1123 4340 1233 4390 creditur
1250 4355 1308 4391 esse
1324 4341 1394 4397 Losa
