2942 4975
478 271 693 336 AENEIDOS
715 272 795 338 LIB.
817 274 857 338 Π.
1190 273 1251 340 167

163 460 356 538 Devolvunt;
379 458 433 524 alii
454 456 574 524 structis
596 458 801 524 mucronibus
821 459 901 526 imas

92 547 145 611 Abi)
164 545 327 610 Obsedere
347 541 445 621 iores3
467 541 524 608 hes
546 547 677 610 servant
698 545 825 625 agmine
847 545 955 612 denso.

161 629 335 696 Instaurati
357 627 468 710 animi,
491 629 575 710 regis
598 645 786 694 succurrere
807 629 902 696 tectis

161 715 351 797 Auxilioque
372 713 480 779 levare
501 713 600 792 virsa,
621 714 749 795 vimque
771 715 890 780 addere
911 715 1011 781 victis.

240 800 356 866 Limen
379 803 450 864 erat
472 816 648 880 caecaeque
671 797 757 865 iores
779 804 813 864 et
834 800 962 882 pervius
983 819 1059 866 usus

162 887 333 952 Tectorum
354 885 440 950 iuter
462 901 496 948 se
518 884 649 963 Priami,
670 890 843 968 postesque
864 885 970 950 relicti

90 971 143 1034 Aio
162 972 188 1036 A
209 975 318 1053 tergo,
338 967 449 1035 infelix
471 987 534 1052 qua
556 987 605 1047 se,
628 969 703 1034 dnm
725 987 826 1052 regna
847 971 1028 1050 manebant,

163 1055 294 1139 Saepius
316 1051 539 1122 Andromache
561 1053 646 1120 lerre
668 1054 853 1121 incomitata
874 1055 1000 1121 solebat

160 1143 207 1207 Ad
229 1157 360 1208 soceros
383 1145 417 1204 et
439 1157 497 1204 avo
519 1157 655 1221 puerum
675 1142 872 1222 Astyanacta
893 1141 1049 1206 trahebat.

161 1227 270 1292 Evado
293 1225 334 1292 ad
357 1225 470 1291 summi
492 1223 621 1306 fastigia
643 1225 802 1305 culminis,
826 1225 911 1290 unde

162 1312 237 1378 Tela
260 1329 359 1376 mauu
380 1309 489 1375 miseri
510 1309 673 1375 iactabant
694 1311 792 1376 inrita
814 1310 937 1376 Teucri.

88 1397 142 1461 460
162 1396 286 1462 Turrim
309 1396 343 1460 in
365 1395 532 1478 praecipiti
554 1399 695 1460 stantem
716 1397 910 1477 summisque
933 1395 992 1461 sub
1014 1400 1100 1461 astra

160 1483 318 1548 Eductam
340 1481 448 1560 tertia,
470 1481 555 1546 unde
576 1480 678 1546 omnis
701 1481 798 1546 Troia
819 1481 920 1546 videri

160 1569 201 1632 Et
221 1568 370 1632 Danaum
392 1566 507 1632 solitae
529 1583 625 1632 naves
649 1570 682 1630 et
704 1566 826 1644 Achaia
846 1571 960 1644 castra,

160 1652 315 1735 Adgressi
337 1650 432 1718 terro·
446 1651 576 1730 circum,
599 1668 663 1732 qua
684 1669 808 1716 summa
828 1652 968 1717 labantis

161 1739 330 1804 Iunctur'as
352 1735 497 1802 tabulata
519 1736 650 1816 dabant,
674 1737 881 1804 convellimus
903 1737 976 1802 altis

89 1823 143 1886 465
162 1821 310 1903 Sedibus,
332 1822 581 1904 inpuhmusque;
605 1839 643 1886 ea
664 1822 756 1904 lapsa
775 1828 910 1905 repente
925 1822 1050 1887 ndnam

162 1909 239 1974 (lum
262 1907 371 1974 souitu
391 1906 492 1972 trabit
514 1911 547 1973 et
568 1907 714 1971 Danaum
737 1925 834 1989 super
855 1907 984 1989 agmina
1004 1909 1069 1973 late

161 1994 287 2059 Incidit.
330 1995 391 2058 Ast
412 1992 466 2058 alii
488 1993 640 2071 subeunt,
663 2011 722 2057 nec
745 2011 834 2071 saxa,
856 2011 916 2058 nec
938 1993 1039 2058 ullum

162 2079 312 2145 Telorum
333 2079 458 2143 interea
480 2081 585 2142 cessat
607 2094 715 2159 genus.

243 2163 447 2229 Vestibulum
469 2167 544 2228 ante
565 2163 670 2244 ipsum
691 2161 858 2244 primoque
879 2163 913 2226 in
934 2160 1045 2227 limine
1065 2161 1206 2244 Pyrrhus

89 2248 143 2314 470
162 2245 326 2328 Exsultat,
349 2249 422 2314 telis
446 2253 479 2314 et
500 2249 571 2313 luce
596 2265 745 2314 coruscus
767 2265 862 2327 aena;

163 2335 273 2414 Qualis
295 2333 350 2400 ubi
370 2334 405 2400 in
426 2332 531 2398 lucem
553 2331 684 2398 coluber
705 2333 791 2398 mala
811 2332 955 2414 gramina
976 2337 1094 2414 pastus,

90 2485 139 2539 461.
149 2490 300 2541 Instaurati
312 2505 346 2549 a,
365 2488 396 2539 cl.
406 2483 551 2554 vs.315sq.
571 2490 655 2539 anima*
710 2503 922 2552 succurrere,
941 2485 1055 2537 similiter
1066 2483 1255 2551 „Perliccre

88 2565 120 2607 est
135 2560 244 2609 animus“
262 2555 288 2620 4,
306 2554 365 2623 639,
388 2558 435 2608 uisi
457 2558 521 2623 quod
545 2557 583 2607 hic
600 2557 726 2607 consilium
749 2570 764 2605 a
784 2556 838 2607 solu
855 2556 997 2617 voluntate,
1013 2556 1064 2605 illic
1081 2554 1205 2606 consilium
1224 2556 1256 2606 ab

88 2626 178 2678 audacia
201 2625 340 2693 proiectum
363 2626 494 2680 indicatur.
530 2625 645 2675 Ceterum
667 2625 766 2675 atmnde
789 2624 939 2677 brevitatem
962 2623 1094 2686 sermonis3
1123 2625 1168 2674 hoc
1194 2624 1257 2674 enim

89 2694 157 2745 dicere
173 2694 232 2746 vult
248 2701 335 2761 poeta:
355 2694 441 2758 animi,
467 2694 608 2744 adverse
631 2692 759 2743 fortune
781 2699 857 2743 ante
881 2691 998 2755 fracti,
1020 2692 1153 2743 instaurati
1174 2699 1257 2742 verte·

88 2762 166 2813 bantur
182 2765 215 2815 ad
233 2763 354 2815 auxilium
371 2764 424 2827 regi
442 2758 590 2818 terendum!
624 2756 675 2813 453
693 2776 746 2827 sqq.
770 2762 792 2813 A
809 2768 895 2824 terso,
918 2776 938 2811 s.
961 2761 1057 2827 postico
1075 2767 1147 2826 parte
1163 2761 1256 2824 regine,

88 2829 148 2881 limen
169 2838 225 2882 eret
249 2846 440 2897 caecaeque,
465 2846 486 2880 s.
509 2832 607 2895 ignotae
629 2830 697 2891 ullis,
721 2829 788 2879 iores
812 2835 945 2896 postesque
969 2829 1093 2891 relicti,
1118 2830 1135 2880 i.
1160 2846 1181 2881 a.
1205 2827 1258 2879 fere

87 2901 185 2963 neglecti,
203 2914 254 2965 qua
273 2900 355 2951 nullus
373 2905 417 2950 aut
434 2914 507 2950 rarus
524 2905 580 2949 orat
598 2899 726 2949 transitus.
762 2897 907 2965 Putabimus
926 2904 1008 2948 nutem
1025 2898 1143 2960 ingressis
1155 2914 1200 2965 per
1213 2898 1257 2948 has

89 2966 144 3017 iores
166 2968 261 3019 aditum
284 2970 393 3033 putuisse
414 2982 564 3019 communem
588 2966 619 3016 ad
641 2967 720 3016 omnia
743 2966 870 3015 conclavia
893 2966 990 3030 regiue3
1014 2972 1089 3031 atque
1111 2967 1133 3016 is
1156 2973 1196 3016 est
1216 2966 1258 3015 ille

87 3039 181 3101 maures
194 3053 263 3089 acres
276 3042 401 3088 tectorum
412 3040 482 3087 inter
495 3048 544 3086 aar
573 3031 632 3087 456.
650 3036 765 3085 teremit.
778 3050 862 3101 nempe
873 3048 905 3084 ex
918 3034 1052 3100 propinqua
1065 3031 1135 3084 domo
1145 3032 1258 3085 uenam

89 3104 117 3153 ita
132 3105 237 3157 latenter
256 3105 375 3171 perillus
393 3104 458 3155 tores
476 3103 593 3157 accedere
611 3109 710 3169 poterat
728 3104 759 3153 nd
778 3117 891 3165 soceros,
913 3109 941 3153 nt
965 3103 1037 3153 solito
1055 3104 1161 3153 duarum
1178 3102 1258 3152 inmu-

89 3172 156 3223 larum
168 3174 290 3224 comitatu
301 3190 347 3224 uon
361 3189 421 3239 opus
438 3179 518 3233 esset3
537 3170 568 3221 cl.
580 3172 650 3223 Hom.
662 3171 691 3222 ll.
703 3168 728 3235 3,
740 3168 790 3223 142
802 3166 853 3236 sq!
887 3168 947 3221 457.
965 3170 1001 3220 ad
1011 3186 1121 3235 soceros,
1133 3171 1258 3222 Priamum

86 3242 257 3305 adorabam,
281 3248 310 3292 ut
329 3256 368 3294 vs.
385 3236 437 3292 579
464 3244 554 3307 putres
579 3240 593 3289 i.
619 3256 641 3305 q.
660 3247 785 3305 parentes.
820 3238 876 3290 Liv.
900 3236 946 3302 26,
964 3234 998 3289 50
1020 3240 1103 3305 „apud
1127 3254 1257 3289 soceros

86 3313 184 3375 tuos.“l
219 3308 281 3361 460.
299 3314 327 3361 ire
341 3312 480 3377 praecipiti
500 3314 547 3371 rt,
572 3309 595 3358 in
619 3309 743 3374 crepidine
761 3308 834 3371 teeti,
857 3308 921 3357 uude
942 3307 1100 3373 praecipitari
1118 3314 1216 3373 poterut
1233 3308 1257 3357 iu

85 3377 229 3448 micantes!
261 3374 313 3429 463
325 3394 362 3445 sq.
374 3380 416 3429 ubi
428 3392 547 3428 summum
559 3377 706 3439 tabulatum,
719 3376 759 3427 cui
769 3377 883 3443 impositu
895 3384 952 3426 erut
962 3375 1005 3426 illa
1017 3376 1104 3437 turris,
1121 3375 1257 3441 praebebat

85 3445 244 3511 iuncturas
271 3444 300 3511 (i.
319 3463 340 3497 e.
358 3454 443 3514 partes
461 3461 516 3508 eas,
540 3445 627 3510 quibus
649 3445 692 3494 illa
716 3460 828 3495 connexa
844 3450 899 3495 erat
917 3442 1043 3510 tabulato)
1062 3442 1212 3493 labantes
1235 3459 1256 3494 s.

85 3512 146 3565 facile
168 3509 418 3575 collabefaciendas.l
453 3512 513 3566 467.
538 3515 649 3564 subeam
672 3512 695 3562 in
718 3513 799 3563 locum
822 3509 982 3581 occisorum}
1014 3508 1074 3561 469.
1098 3510 1258 3563 Vestibulum

85 3580 156 3647 locus,
182 3585 225 3650 qui
243 3584 349 3651 putebat
366 3592 423 3635 ante
441 3584 516 3633 aedes
535 3584 597 3632 hunc
614 3582 637 3631 in
655 3582 766 3633 modum:

83 4175 106 4219 u,
121 4162 142 4223 b,
160 4177 180 4223 c,
199 4161 219 4213 d
237 4160 344 4227 parietes
362 4161 457 4221 domus,
476 4160 630 4238 adaquas,
646 4178 667 4226 g
684 4163 776 4227 platea.
806 4160 901 4212 Statuit
919 4161 1051 4227 spoliisque
1068 4162 1213 4211 instructum
1231 4156 1256 4220 7,

85 4224 237 4309 lli-186]
272 4226 331 4281 470.
353 4228 368 4279 l.
380 4244 461 4313 ,aerem
478 4242 556 4325 aqu,
565 4228 682 4349 ἔαλκείη
701 4230 771 4279 Hom.
783 4228 812 4279 ΙΙ.
831 4227 871 4291 13,
889 4226 940 4281 341
958 4236 984 4280 et
1001 4244 1026 4280 v.
1044 4226 1068 4309 3,
1085 4224 1161 4293 4631
1195 4222 1255 4277 471.

84 4312 106 4345 ru
122 4298 204 4349 lacem
276 4298 406 4359 emoleret,
429 4312 452 4349 v.
477 4295 507 4347 G.
525 4296 551 4361 4,
586 4294 610 4347 2.
629 4324 663 4334 -
681 4298 796 4348 Ceterum
817 4312 934 4364 compara
955 4312 1009 4349 cum
1032 4299 1069 4346 lus
1094 4294 1124 4346 G.
1142 4294 1172 4359 3,
1195 4289 1255 4346 426.
