2942 4975
212 332 280 398 414
590 330 625 395 Ρ.
647 328 812 394 VIRGILI
834 329 1024 395 MARONIS

301 518 390 596 Quae
412 521 483 583 tuto
506 517 566 581 tibi
586 534 704 598 magna
723 515 847 594 rolant,
870 516 946 580 dum
968 514 1103 580 distinet
1123 515 1250 582 hostem

300 603 410 686 Agger
430 619 626 680 moerorum,
648 619 709 666 nec
728 601 888 664 inundant
909 600 1064 682 sanguine
1085 599 1200 669 fossae.

299 687 438 754 Proinde
461 691 540 752 tona
561 686 703 768 cloqui03
725 686 856 750 solitum
878 685 952 764 tibi;
974 703 1089 767 meque
1112 686 1236 752 timoris

299 775 409 855 Argue
431 777 483 851 tu,
504 772 647 850 Drance,
668 771 798 853 quando
822 774 872 835 tot
894 770 1010 851 stragis
1031 788 1164 836 acervos

214 858 278 926 385
299 858 497 922 Teucrorum
518 862 577 922 tus
598 856 713 920 dextra
733 855 837 935 dedit,
859 855 1041 936 passimque
1063 857 1204 938 tropaeis

298 942 438 1024 Insignis
460 960 562 1023 agros.
606 941 714 1005 Possit
734 940 813 1021 quid
833 940 939 1005 vivida
959 941 1071 1018 virtus,

299 1028 474 1110 Experiere
496 1027 586 1106 licct3
608 1043 669 1090 nec
690 1026 787 1106 longe
809 1024 934 1090 scilicet
955 1024 1066 1090 hostes

300 1111 483 1189 Quaerendi
503 1111 608 1191 nobis3
631 1111 840 1176 circumstant
861 1109 1003 1191 undique
1024 1127 1142 1174 muros.

299 1198 387 1261 Imus
407 1197 442 1261 in
464 1196 627 1262 adversos!
660 1195 738 1277 quid
760 1196 887 1260 cessas?
919 1213 961 1258 an
982 1194 1043 1259 tibi
1064 1194 1191 1259 Mavors

213 1282 278 1350 390
299 1282 445 1346 Ventose
464 1281 498 1346 in
519 1282 629 1363 lingua
650 1280 850 1362 pedibusque
871 1278 1039 1361 fugacibus
1060 1279 1132 1344 istis

299 1366 433 1447 Semper
456 1367 539 1431 erit?

299 1452 416 1516 Pulsus
439 1452 520 1533 egoi
553 1455 610 1516 aut
631 1450 799 1532 quisquam
820 1449 950 1527 merito,
972 1446 1169 1528 foedissime,
1190 1449 1319 1532 pulsum

299 1538 437 1618 arguet,
458 1536 555 1601 Iliaco
578 1535 736 1600 tumidum
759 1535 813 1616 qui
836 1551 980 1598 crescere
1003 1533 1156 1615 Thybrim

301 1620 462 1703 Sanguine
485 1626 520 1686 et
540 1621 684 1686 Euandri
705 1624 808 1684 totam
831 1637 904 1684 cum
925 1619 1026 1700 stirpe
1048 1619 1170 1684 videbit

214 1705 278 1773 395
299 1706 513 1771 Prooubuisse
535 1706 678 1783 domum,
703 1709 802 1786 atque
824 1708 938 1768 exutos
959 1705 1102 1769 Arcadas
1124 1702 1243 1769 armis?

299 1792 395 1855 Haud
416 1791 464 1855 ita
484 1809 536 1854 me
559 1790 681 1870 experti
702 1790 807 1854 Bitias
830 1794 864 1853 et
883 1789 1050 1854 Pandarus
1071 1789 1195 1871 ingens,

299 1876 344 1940 Et
365 1893 445 1956 quos
467 1874 556 1939 mille
579 1875 631 1938 die
652 1873 758 1938 victor
779 1874 838 1938 sub
862 1874 998 1938 Tartara
1019 1873 1098 1954 misi,

260 1984 264 1993 ·
299 1960 446 2024 Inclusus
468 1959 567 2023 muris
588 1959 760 2040 hostilique
783 1975 902 2040 aggere
924 1962 1063 2040 saeptus.

300 2044 416 2125 „Nulla
437 2043 657 2110 salus-bello.“
701 2043 807 2126 Capiti
830 2062 908 2108 cane
930 2044 1022 2121 talia,
1046 2044 1185 2121 demone,

213 2130 278 2195 400
299 2129 462 2195 Dardanio
484 2129 645 2211 rebusque
666 2129 739 2193 tuis.
782 2128 922 2193 Proinde
945 2129 1051 2193 omnia
1072 2145 1188 2210 magno

285 2215 349 2280 'Ne
372 2233 462 2280 cessa
484 2214 616 2279 turbare
637 2219 727 2279 metu
749 2219 846 2296 atque
870 2214 1026 2278 extollere
1047 2213 1124 2277 viris

301 2300 414 2365 Gentis
437 2300 485 2365 bis
507 2300 624 2378 victae,
647 2304 761 2364 contra
782 2317 930 2380 premere
953 2317 1042 2364 arma
1062 2298 1179 2364 Latini.

299 2384 394 2450 Nunc
415 2389 449 2449 et
470 2384 704 2466 Myrmidonum
725 2402 876 2465 proceres
897 2383 1039 2465 Phrygia
1060 2403 1149 2448 arma
1168 2385 1378 2462 tremescunt,

298 2469 392 2537 Nunc
415 2475 449 2536 et
471 2470 610 2552 Tydides
633 2474 666 2535 et
687 2469 874 2535 Larissaeus
896 2468 1046 2550 Achilles,

213 2554 279 2621 405
300 2556 411 2621 Amnis
435 2560 468 2621 et
489 2556 665 2620 Hadriacas
686 2559 775 2619 retro
798 2554 881 2636 fugit
902 2553 1036 2619 Aufidus
1057 2556 1169 2619 undas.

299 2641 361 2706 Vel
384 2659 454 2705 cum
476 2659 511 2705 se
532 2640 683 2722 pavidum
705 2644 819 2705 contra
840 2658 913 2705 mea
931 2639 1035 2721 iurgia
1056 2638 1150 2722 fingit

299 2723 442 2790 Artificis
463 2726 568 2790 scelus
591 2730 625 2790 et
646 2725 816 2790 formidine
839 2726 959 2789 crimen
981 2724 1127 2791 acerbat:

300 2810 482 2891 Numquam
505 2811 644 2875 animam
665 2810 765 2875 talem
788 2812 903 2875 dextra
923 2811 984 2875 bac
1005 2846 1049 2856 -
1071 2810 1191 2874 absiste
1212 2809 1336 2875 moveri
1358 2842 1394 2855 -

300 2891 453 2973 dmittes3
476 2894 601 2958 habitet
622 2900 730 2960 tecum
754 2899 788 2959 et
809 2896 853 2959 sit
874 2900 1004 2976 pectore
1026 2895 1060 2958 in
1081 2895 1153 2959 isto.

214 2979 279 3045 410
300 2980 394 3044 Nunc
416 2979 458 3043 ad
479 2982 514 3043 te
536 2984 570 3043 et
591 2984 649 3044 tua
669 2998 798 3061 magna,
819 2985 925 3063 pater,
948 2979 1096 3045 consulta
1116 2984 1272 3045 revertor.

217 3182 302 3235 Turni
322 3186 407 3234 oratio
430 3182 574 3246 confutans
597 3188 757 3249 argumento
782 3186 1026 3250 criminationesque
1050 3184 1188 3252 mancis}
1222 3180 1283 3235 382.
1307 3182 1339 3233 ci.
1358 3181 1396 3245 10,

212 3249 270 3318 24.Ι
305 3248 365 3303 389.
383 3252 458 3301 lmus
475 3256 504 3302 in
521 3253 596 3303 asar
619 3254 685 3303 inest
706 3253 746 3302 vis
769 3253 917 3303 exhortandi
936 3252 960 3301 in
978 3265 1008 3301 ea
1025 3253 1204 3303 enuntiatione:
1222 3266 1270 3315 age
1288 3248 1396 3319 eamus}

211 3317 272 3371 396.
291 3319 321 3370 ci.
340 3316 365 3383 9,
382 3317 434 3370 672
447 3320 516 3389 sqq!
550 3317 610 3371 397.
627 3321 677 3379 sss,
696 3321 762 3370 intra
779 3336 854 3371 unum
873 3322 945 3383 diem,
963 3327 991 3370 ut
1009 3336 1103 3384 manse,
1121 3320 1211 3383 auno]
1246 3317 1307 3370 399.
1327 3336 1397 3381 cans,

212 3404 237 3440 v.
248 3386 272 3450 9,
282 3385 357 3457 621.Ι
385 3385 445 3440 400.
458 3388 577 3451 Proinde,
589 3389 703 3454 quoniam
715 3390 752 3438 ita
763 3390 851 3452 sentis,
864 3388 956 3439 nullam
969 3403 984 3437 a
996 3388 1061 3439 hello
1074 3389 1180 3443 salutem
1193 3390 1292 3454 sperari
1304 3382 1397 3455 posse-l

212 3454 272 3508 402.
291 3472 308 3507 v
326 3453 352 3517 9,
369 3451 443 3516 5991
478 3453 538 3508 405.
556 3459 652 3505 Amnis
722 3456 828 3507 undas.-
850 3456 1015 3523 proverbialis
1039 3472 1120 3507 sermo
1145 3459 1175 3507 de
1193 3473 1237 3519 eo,
1260 3458 1328 3521 quod
1344 3456 1398 3506 fieri

212 3525 305 3590 nequit.
337 3524 409 3589 Quod
426 3524 557 3590 Euripides
575 3525 691 3575 universe
708 3525 773 3574 dixit
790 3518 866 3589 ,ἰέναι
884 3519 1023 3591 πΰιαμῶν
1037 3524 1121 3593 ἱερῶν
1132 3522 1261 3593 χωροῦσι
1280 3523 1396 3589 πηγαί,“

212 3593 237 3641 id
255 3593 287 3642 ad
306 3600 401 3643 certum
418 3593 521 3643 fluvium
538 3593 669 3642 transtulit
685 3593 816 3656 Virgilius,
835 3594 892 3658 qnia
910 3593 1021 3655 Aufidus,
1042 3594 1083 3657 qui
1100 3600 1140 3643 est
1157 3593 1274 3659 Apuliae,
1294 3608 1396 3656 regnum

213 3660 336 3709 Diomedis
354 3659 530 3728 (Tydidae)
549 3660 644 3724 attigit3
663 3668 732 3711 certe
750 3661 848 3725 campi
866 3660 1024 3711 Diomedei
1043 3661 1085 3777 {Ui
1102 3668 1160 3711 sunt
1178 3662 1209 3711 ad
1222 3661 1349 3723 Aufidum,
1367 3662 1398 3709 sb

212 3727 256 3775 illo
274 3728 366 3777 babent
383 3726 492 3786 nomen!
525 3725 577 3777 406
590 3744 627 3793 sq.
646 3726 772 3779 Similli'rne
782 3728 871 3778 Horat.
883 3728 961 3794 Epod.
974 3724 1043 3791 12,1
1079 3729 1144 3792 „Vel
1160 3744 1215 3779 mea
1234 3745 1296 3779 oum
1314 3730 1399 3779 saevis

213 3794 295 3857 agitat
311 3794 410 3846 fastidis
429 3797 540 3847 verbis.“
575 3795 687 3861 Utroque
704 3797 758 3847 loeo
776 3797 816 3847 vel
831 3812 885 3847 eam
909 3797 984 3847 babet
1005 3802 1167 3862 potestatem,
1191 3803 1221 3847 ut
1242 3798 1350 3847 transiri
1368 3796 1398 3845 ad

212 3861 281 3911 alind
298 3863 356 3926 qnid
373 3865 479 3925 indicet;
497 3881 557 3915 cum
572 3866 673 3931 ponitur
689 3866 713 3915 in
731 3866 943 3931 repraesentanda
955 3880 1038 3929 rernm
1050 3866 1176 3928 memoria,
1194 3866 1399 3929 quemadmodum

212 3930 236 3979 in
254 3930 306 3981 bis:
324 3932 380 3982 osui
395 3948 465 3995 cum,
482 3933 576 3983 ausas·
592 3949 664 3996 cum,
682 3940 708 3983 et
725 3932 756 3983 ci.
774 3948 813 3985 vs.
831 3930 891 3985 348.
921 3933 1032 3983 Donatus
1050 3934 1149 3999 supplet
1165 3934 1286 3999 spodosin
1305 3931 1399 3999 ‚,qnalc

212 3997 275 4047 illud
297 3996 414 4049 scelerati
436 4008 597 4052 commentum
616 4003 686 4063 est;“
709 4008 735 4051 ct
757 4018 782 4051 v.
801 4000 832 4052 G.
850 3999 876 4064 3,
893 3998 957 4060 5625
984 4003 1029 4051 sed
1053 4002 1145 4051 rectius
1168 4016 1271 4052 versum
1288 3998 1344 4053 408
1362 4017 1396 4066 sq.

212 4081 257 4131 pro
276 4065 377 4130 epodosi
395 4069 510 4133 accipies,
527 4076 571 4120 ant
583 4071 604 4119 si
616 4071 674 4135 quid
686 4077 727 4120 est
741 4071 911 4136 supplendum,
929 4070 1023 4135 supple,
1041 4072 1106 4135 quod
1119 4070 1252 4135 aliqnando
1265 4071 1400 4132 omittitur,

212 4137 290 4196 scito,
316 4132 408 4192 toea,
426 4142 455 4184 ut
473 4137 537 4201 apud
556 4137 611 4188 Liv.
629 4137 655 4201 2,
673 4136 706 4187 12
723 4137 943 4202 „Quandoquidem
961 4144 999 4189 est
1018 4138 1083 4203 apud
1102 4145 1126 4189 te
1144 4138 1233 4188 virtuti
1251 4139 1345 4201 honos,

212 4202 317 4251 trcccmi
342 4202 553 4266 coniuravimus,“
578 4206 593 4254 i.
611 4222 633 4254 e.
652 4208 733 4256 scito
757 4213 881 4257 trecentos
906 4207 1059 4255 coniurasse.
1077 4234 1111 4243 -
1130 4205 1247 4257 Ceterum
1271 4207 1320 4255 boc
1342 4207 1400 4255 dicit

213 4269 328 4320 Turnus:
351 4270 410 4321 nibil
433 4271 521 4321 Dranci
545 4275 702 4324 metuendam
724 4273 814 4338 inisse,
839 4275 884 4324 nisi
903 4274 1021 4337 iurgia3
1047 4276 1111 4339 qued
1136 4289 1191 4325 cnm
1214 4274 1295 4339 probe
1323 4275 1400 4324 sciret

212 4339 337 4404 Drances,
361 4346 443 4391 tamen
467 4355 522 4390 ena
541 4340 572 4389 de
593 4342 670 4391 caede
694 4341 725 4391 ab
751 4342 794 4391 illo
818 4343 864 4393 sibi
886 4343 1032 4393 intentanda
1056 4343 1216 4409 suspitionem
1240 4343 1357 4393 iniecisse
1375 4349 1399 4391 et
