2942 4975
202 302 245 367 rc
415 368 420 383 ,
514 317 519 330 ·
574 303 608 367 r.
631 300 1008 368 4444144444

288 489 396 553 Durus
418 493 555 571 uterque
576 488 680 553 labor:
703 489 833 554 laudato
855 488 1000 570 ingentia
1020 507 1104 568 rura,

287 574 447 657 Exiguum
469 574 574 639 colito.
617 573 686 638 Nec
708 592 773 639 nou
795 573 892 640 etiam
915 592 1028 656 aspera
1048 574 1134 639 rusci

289 659 416 725 Vimine
436 678 495 741 per
517 659 637 737 silvam,
661 663 695 723 et
715 659 793 741 ripis
815 658 952 724 fluvialis
975 661 1097 724 arundo

202 743 267 809 415
289 743 453 823 Caeditur,
474 743 651 826 incultique
674 749 804 808 exercet
826 763 903 809 cura
924 743 1038 809 salicti.

288 830 355 895 lam
377 829 502 894 vinctae
524 829 628 909 vites,¹
643 830 706 894 iarn
727 828 843 894 falcem
865 829 997 894 arbusta
1017 835 1188 910 reponunt,

287 915 356 981 Iam
380 915 466 979 canit
488 914 618 979 effectos
642 919 803 979 extremus
824 915 944 979 vinitor
966 919 1072 979 antes:

288 999 497 1065 Sollicitando
520 1004 627 1063 tamen
650 999 760 1077 141144,
782 1000 951 1081 pulvisque
973 1001 1158 1080 movendus,

288 1086 416 1151 Etiam
439 1086 572 1149 maturis
594 1085 787 1150 metuendus
808 1085 954 1167 Iuppiter
975 1085 1053 1149 uvis

200 1170 265 1235 420
370 1170 490 1235 Contra
511 1188 576 1234 non
597 1170 664 1234 ulla
686 1174 736 1235 est
758 1170 837 1235 oleis
860 1170 999 1249 cultura;
1020 1188 1125 1251 neque
1147 1169 1224 1235 illae

287 1256 481 1320 Procurvam
505 1259 691 1337 exspectant
712 1254 828 1320 falcem
849 1260 1034 1337 rastrosque
1056 1255 1187 1334 tenacis,

289 1340 368 1405 Ourn
390 1341 490 1404 semel
511 1341 686 1405 haeserunt
708 1341 791 1405 arvis
814 1359 971 1422 aurasque
993 1341 1152 1420 tulerunt3

286 1426 362 1507 Ipsa
383 1426 460 1489 satis
483 1425 594 1504 141144,
617 1445 688 1490 444
711 1427 808 1490 dente
830 1426 1008 1491 recluditur
1029 1444 1121 1504 unco,

217 1519 221 1527 “
288 1509 412 1575 Sufficit
433 1510 598 1575 humorem
622 1518 656 1576 et
678 1512 838 1593 gravidas,
861 1529 932 1576 cum
954 1529 1095 1590 vomere,
1117 1509 1237 1591 fruges.
1281 1508 1286 1520 '

201 1594 266 1659 425
287 1596 358 1661 Η44
379 1596 531 1677 pinguem
552 1601 587 1660 et
607 1596 759 1679 placitam
781 1596 857 1661 Paci
879 1597 1020 1661 nutritor
1041 1596 1165 1661 olivam.
1280 1652 1284 1659 .

376 1681 476 1746 Poma
497 1699 637 1762 quoque,
660 1687 696 1746 ut
717 1682 854 1764 primum
876 1687 1007 1746 truncos
1029 1699 1158 1746 sensere
1180 1680 1320 1746 valentis

285 1766 330 1831 Et
350 1766 426 1830 viris
448 1766 588 1831 habuere
610 1785 696 1845 suae,
718 1768 759 1831 ad
782 1768 888 1831 sidera
908 1767 1027 1849 raptim

287 1851 327 1916 Vi
348 1852 479 1933 propria
500 1851 648 1916 nituntur
669 1853 802 1934 opisque
823 1852 909 1916 haud
931 1852 1040 1933 indiga
1060 1855 1199 1917 nostrae.

287 1936 356 2001 Nec
377 1936 481 2000 minus
502 1937 627 2001 interea
648 1936 718 2001 ictu
740 1956 853 2002 nemus
876 1956 969 2002 omne
992 1937 1152 2018 gravescit

201 2020 267 2084 430
289 2020 543 2103 Sanguineisque
565 2022 687 2087 inculta
707 2021 826 2087 rubent
847 2023 967 2087 aviaria
987 2022 1082 2087 bacis

288 2107 478 2172 Tondentur
500 2107 605 2187 cytisi,
628 2109 740 2173 taedas
762 2108 843 2172 silva
864 2108 931 2173 alta
951 2107 1114 2172 ministrat

286 2194 529 2274 Pascunturque
551 2193 642 2275 ignes
665 2194 814 2258 nocturni
837 2198 870 2257 et
891 2193 1013 2257 lumina
1033 2191 1180 2257 fundunt.

286 2278 330 2343 Et
352 2277 502 2342 dubitant
522 2278 667 2343 homines
690 2296 799 2343 serere
822 2283 918 2361 atque
940 2278 1116 2359 inpendere
1139 2278 1270 2342 curam?

288 2362 371 2441 Quid
393 2364 514 2427 maiora
535 2365 673 2445 sequar?
696 2400 739 2411 —-
761 2364 875 2429 salices
897 2361 1097 2444 humilesque
1119 2367 1283 2444 genestae,

201 2448 264 2514 435
286 2450 353 2515 Aut
373 2448 448 2514 illae
470 2449 579 2531 pecori
600 2448 748 2515 frondem
770 2453 827 2514 aut
848 2450 1030 2533 pastoribus
1052 2448 1198 2514 umbram

200 2617 260 2670 412.
279 2619 396 2682 laudato,
414 2620 463 2670 noli
476 2627 576 2686 optare;
594 2627 633 2670 est
651 2622 714 2669 baec
731 2621 828 2672 mollior
846 2620 967 2685 quaedam
984 2620 1116 2671 recusandi
1134 2617 1226 2682 forma,
1246 2625 1275 2670 41
1292 2620 1387 2672 αἰνεῖν

202 2703 245 2754 pro
258 2691 463 2756 παραιτεῖσθαι
468 2705 477 2746 ,·
494 2687 593 2754 praefer
604 2689 682 2751 igitur
694 2689 809 2752 exiguam
821 2690 926 2751 vincam,
946 2705 1018 2753 quam
1032 2688 1170 2751 diligentius
1183 2689 1266 2738 colere
1278 2687 1387 2758 4444141

200 2753 252 2808 413
265 2771 317 2820 sqq.
335 2754 470 2806 Praeterea
487 2759 598 2805 curanda
616 2763 673 2806 4441
690 2757 789 2807 4144414
807 2773 821 2806 4
838 2773 911 2816 rusco
929 2765 954 2807 41
970 2758 1053 2820 salice,
1071 2757 1159 2822 quibus
1172 2757 1308 2820 alligentur
1318 2758 1388 2807 vites

201 2825 233 2874 41
252 2824 334 2874 441144
352 2823 393 2872 441
411 2825 523 2884 arbores,
542 2825 614 2874 41144
633 2826 779 2890 pedamenta
798 2827 941 2889 arundinea,
959 2825 990 2875 cf.
1003 2841 1041 2875 vs.
1054 2821 1113 2887 358,
1132 2825 1239 2890 itemque
1250 2823 1389 2894 4441144441
1464 2867 1466 2872 ,

200 2888 259 2942 415.
278 2892 380 2952 inculti,
399 2892 456 2956 quia
473 2893 542 2942 nulla
560 2908 620 2942 eura
637 2890 752 2962 14114411
787 2892 846 2944 416.
865 2897 921 2944 arb.
934 2898 1073 2960 44444441,
1087 2893 1191 2943 arbores
1208 2894 1258 2942 iam
1276 2899 1303 2943 et
1314 2895 1388 2959 ipsae
1464 2913 1466 2942 1

200 2965 303 3026 putatae
321 2967 390 3023 4441,
413 2967 442 3010 41
463 2961 564 3011 vinitori
581 2961 655 3012 114441
672 2961 760 3012 falcem
778 2977 908 3028 reponere,
933 2980 958 3012 v.
977 2963 1006 3012 11.
1024 2960 1049 3025 2,
1069 2956 1125 3027 181
1158 2959 1218 3013 411.
1237 2961 1291 3012 lam
1308 2970 1387 3013 cantu
1464 2981 1466 3010 1

201 3043 228 3078 44
246 3028 372 3077 exhilarat
394 3028 425 3078 ob
448 3028 547 3079 41144144
566 3035 636 3079 44144
654 3031 758 3093 vinitor,
782 3037 932 3094 44144444,
957 3031 989 3080 41
1013 3037 1150 3080 extremam
1175 3036 1273 3096 partem
1297 3031 1388 3082 vineae
1464 3053 1466 3079 a

200 3097 310 3164 putando
328 3097 504 3161 vinciendoque
521 3099 641 3163 paulatim
660 3096 833 3167 progressus!
865 3096 925 3149 418.
941 3100 1094 3165 44144444,
1112 3098 1227 3148 fodienda
1246 3100 1387 3163 44141444,
1464 3137 1466 3166 ,

201 3179 278 3230 eoque
296 3164 374 3214 solum
392 3165 415 3214 in
434 3165 559 3231 pulverem
578 3167 758 3230 resolvendum,
775 3169 840 3217 unde
857 3169 923 3218 dicta
940 3174 979 3218 est
997 3163 1160 3235 4414444141
1193 3162 1254 3216 419.
1272 3173 1388 3218 metucn-
1464 3205 1466 3236 2

201 3233 270 3298 dum,
295 3249 325 3283 ne
349 3235 466 3296 grandine
490 3243 664 3300 corrumpatur·
688 3232 853 3304 vindemia„
887 3235 930 3288 vl.
952 3236 991 3286 De
1014 3237 1149 3286 octonum
1172 3235 1221 3284 1441
1242 3241 1295 3285 441
1311 3237 1388 3287 nullu
1464 3277 1466 3304 ,

201 3302 310 3353 cultura
323 3302 509 3368 indigentibus,
527 3318 577 3354 oss.
590 3299 749 3370 420-4571
784 3302 843 3354 421.
862 3308 974 3369 tenaces,
992 3319 1056 3369 4444
1073 3305 1176 3367 glaebas
1194 3303 1300 3354 tirmiter
1316 3320 1388 3354 com-
1465 3347 1466 3358 .

199 3373 352 3438 prehendunt
375 3367 526 3436 1444414441
561 3370 620 3422 422.
645 3387 698 3422 444
723 3388 736 3422 4
758 3372 889 3422 seminario
914 3373 1039 3423 translata
1057 3373 1113 3422 olea
1137 3372 1233 3421 radices
1254 3372 1344 3422 fixerit
1362 3379 1388 3423 41
1464 3421 1466 3440 1

200 3441 266 3490 aeris
283 3440 432 3489 varietatem
457 3437 522 3489 ferre
545 3441 716 3501 consueverit3
741 3439 773 3490 cl.
791 3456 830 3490 vs.
848 3437 899 3491 318
916 3447 942 3490 41
959 3437 1035 3511 3321
1067 3436 1127 3490 423.
1152 3443 1234 3504 satis,
1258 3441 1301 3490 hic
1324 3442 1343 3490 i.
1363 3459 1387 3508 4.

200 3504 659 3576 4114414-144144444,51144141
694 3504 753 3559 424.
773 3524 951 3572 4444444444,
969 3506 1213 3573 4444414111441
1247 3505 1310 3559 425.
1322 3511 1387 3573 Hoc,
1464 3505 1466 3510 ’

199 3585 338 3642 propterea.
356 3605 391 3612 —-
408 3580 526 3627 nutritor
543 3578 642 3642 antique
659 3592 704 3642 pro
724 3582 837 3642 nutrito,
862 3578 943 3640 nutri,
967 3584 996 3627 41
1019 3577 1148 3628 bellantur
1172 3592 1217 3642 pro
1235 3577 1337 3628 11411441
1355 3581 1388 3628 Α.
1465 3633 1466 3640 1

201 3643 242 3707 11,
261 3641 333 3710 6601
367 3641 426 3694 426.
445 3645 525 3694 Poma
542 3646 580 3696 bic
597 3646 613 3696 i.
633 3661 655 3710 q.
673 3645 747 3710 pomi,
764 3654 793 3697 ut
811 3661 850 3695 vs.
868 3643 903 3696 33
929 3661 1011 3696 44444
1028 3647 1045 3696 i.
1064 3662 1087 3711 q.
1106 3647 1219 3710 4444441
1254 3642 1316 3695 428.
1337 3663 1388 3712 444

200 3719 246 3774 441,
264 3712 392 3778 44144111
411 3714 540 3775 omissum3
560 3715 603 3763 sed
620 3729 645 3763 v.
664 3728 701 3762 vs.
720 3711 794 3781 2901
829 3711 879 3764 431
892 3730 930 3779 sq.
953 3715 1051 3778 taedas,
1069 3715 1133 3764 unde
1150 3721 1290 3779 pascuntur
1304 3715 1387 3777 ignes,

200 3796 221 3830 s.
234 3795 297 3845 quae
313 3782 442 3830 materiam
459 3782 579 3847 praebent
596 3782 653 3846 igni,
672 3782 688 3830 i.
700 3799 721 3832 e.
741 3798 805 3848 quae
821 3784 935 3833 incensae
951 3782 1033 3833 lumen
1052 3777 1179 3849 14414411
1213 3779 1274 3832 433.
1293 3798 1389 3834 serm

200 3849 319 3899 eiusmodi
336 3847 437 3898 frutices
455 3850 618 3916 arboresque3
642 3865 667 3900 v.
685 3851 715 3901 Α.
734 3850 759 3916 6,
777 3847 850 3911 8011
885 3848 937 3901 434
955 3866 1008 3916 sqq.
1035 3850 1100 3916 Quid
1118 3852 1214 3900 maiora
1230 3865 1387 3914 4444444444,
1465 3907 1466 3918 1

200 3917 303 3966 arbores
321 3918 470 3982 proceritate
487 3933 547 3984 prae
565 3919 705 3968 domesticis
723 3920 843 3982 insignes,
861 3920 942 3986 pinos,
960 3921 1059 3982 cedros,
1084 3934 1228 3985 cupressos,
1252 3919 1344 3984 quales
1361 3921 1387 3970 14

202 3984 322 4036 411144144
340 3985 383 4034 1114
396 3985 509 4036 Caucaso
522 3988 645 4048 visuntur,
663 4003 718 4036 cum
736 4005 766 4038 nc
780 3989 876 4038 minora
889 3988 994 4053 quidem,
1012 3994 1040 4037 ut
1058 3987 1133 4050 salix,
1151 3995 1261 4050 genesta,
1279 3995 1388 4038 careant
1464 3995 1466 4012 ⁴

200 4053 309 4105 utilitate
328 4060 505 4119 praetereaque
523 4056 591 4105 solus
609 4055 682 4106 etiarn
701 4056 834 4122 adspectus
846 4058 995 4106 silvosorum
1008 4057 1126 4106 montium
1143 4057 1229 4106 luvet
1246 4055 1386 4124 (delectet)

200 4123 322 4174 animum?
340 4149 374 4158 —
393 4121 442 4171 Alii
460 4120 574 4188 4444441
609 4120 668 4173 435.
687 4123 749 4172 illae
765 4140 812 4173 non
830 4132 869 4174 441
886 4125 1006 4188 otiosum,
1030 4126 1074 4173 441
1097 4125 1146 4173 vim
1171 4124 1241 4174 addit
1259 4125 1385 4189 orationi3

199 4193 235 4242 sic
252 4190 313 4240 enirn
332 4190 371 4254 tt,
395 4197 424 4239 41
440 4191 538 4240 notione
555 4191 682 4254 vocabuli,
707 4192 739 4241 41
757 4193 823 4256 4441
842 4199 939 4260 spectat
955 4195 1002 4242 544
1018 4207 1161 4258 pronomen,
1194 4193 1289 4242 uodam
1307 4195 1385 4244 modo

167 4271 169 4276 ’
199 4261 324 4324 geminata
347 4259 443 4309 animus
468 4260 499 4308 ad
520 4260 581 4309 illud
606 4260 685 4323 magis
710 4261 839 4311 attendere
861 4263 989 4323 iubeatur3
1021 4259 1052 4310 cl.
1070 4260 1100 4310 Α.
1118 4257 1144 4325 6,
1162 4209 1221 4311 513.
1254 4260 1297 4326 11,
1321 4259 1387 4314 494.

198 4327 311 4394 Inprimis
329 4339 403 4394 saepe
419 4327 461 4378 ille
478 4343 532 4378 cum
550 4327 698 4394 Participiis,
716 4328 791 4379 etiam
809 4330 1005 4393 Α114411414,114
1023 4330 1132 4380 iunctum
1149 4329 1282 4395 reperitur,
1304 4337 1336 4382 at
1355 4334 1386 4381 Α
