2942 4975
172 324 241 390 aaa
553 326 587 387 r.
609 323 773 419 vmann
795 320 984 387 naaonrs

165 513 244 579 ’850
265 510 411 577 Orabunt
433 528 561 573 caussas
582 510 709 587 1551155,
733 509 876 591 caelique
898 514 1023 574 meatus

261 596 458 661 Describent
479 595 568 658 radio
592 600 626 659 51
647 594 814 675 surgentia
835 595 941 659 sidera
963 594 1084 659 dicent:

265 683 315 746 Tu
336 699 450 762 regere
470 680 593 761 inperio
616 680 765 761 populos,
786 680 942 759 Romane,
964 686 1139 759 memento;

265 767 335 831 Hae
357 766 416 831 tibi
439 771 535 829 amnt
556 769 656 844 artes3
677 765 830 846 pacisque
851 764 1005 846 inponere
1027 783 1157 843 morem,

264 852 403 916 Parcere
425 850 589 928 subiectis,
612 856 646 914 et
668 850 831 915 debellare
854 851 1019 931 superbos.

175 937 244 1002 855
352 936 404 1000 Sic
426 939 519 1017 pater
541 935 709 1013 Anchisae,
732 939 829 1017 atque
852 935 931 1000 haec
953 936 1142 1001 mirantibus
1165 937 1268 1002 addit:

266 1022 395 1103 Aspice,
417 1025 455 1084 ut
476 1020 610 1102 insignis
632 1021 741 1101 spoliis
763 1020 935 1085 Marcellus
958 1021 1071 1102 opimis

265 1107 461 1188 Ingreditur,
484 1106 649 1186 victorque
671 1106 756 1169 viros
779 1105 997 1186 supereminet
1019 1106 1132 1171 omnis!
1194 1110 1197 1115 '

264 1191 326 1255 Hic
347 1210 416 1255 rem
437 1192 626 1268 Romanam,
648 1208 764 1271 magno
787 1191 938 1255 turbante
961 1191 1109 1270 tumultu,

266 1276 379 1355 Sistet,
404 1294 502 1357 eques
524 1272 652 1341 sternet'
671 1276 797 1339 Poenos
822 1275 1013 1356 Gallumque
1036 1276 1198 1356 rebellem,

174 1361 244 1427 860
267 1362 439 1443 Tertiaque
462 1380 551 1425 arma
571 1361 657 1443 patri
679 1361 855 1442 suspendet
877 1365 971 1442 capta
993 1361 1133 1438 Quirino.

266 1448 374 1528 Atque
396 1446 452 1511 hic¹
469 1448 610 1525 Aeneas,
633 1466 697 1511 una
718 1464 856 1526 namque
877 1446 926 1510 ire
948 1446 1077 1511 videbat

265 1532 438 1613 Egregium
459 1530 563 1596 forma
584 1532 787 1596 1515551551
808 1530 1006 1612 fulgentibus
1029 1532 1133 1611 armis

266 1616 330 1682 Sed
351 1616 440 1681 frons
461 1617 549 1681 laeta
569 1632 696 1698 parum,
719 1619 753 1681 et
775 1616 900 1681 deiecto
923 1616 1045 1681 lumina
1066 1617 1170 1680 voltu:

267 1702 358 1780 Quis,
380 1706 486 1791 pater,
507 1702 576 1779 ille,
597 1702 701 1765 virum
724 1701 778 1781 qui
800 1701 845 1765 sic
868 1701 1038 1767 connitatur
1061 1703 1212 1767 euntem?

175 1788 245 1853 865
266 1787 379 1866 Filius,
401 1804 485 1850 anne
507 1787 621 1867 aliquis
642 1805 759 1867 magna
781 1788 821 1850 de
844 1787 943 1869 stirpe
965 1789 1141 1869 nepotum?

266 1872 345 1948 Quis
367 1871 522 1953 strepitus
546 1871 631 1936 eirca
652 1871 817 1935 comitum!
851 1876 1006 1953 quantum
1027 1874 1129 1937 instar
1151 1872 1183 1936 in
1206 1872 1291 1955 ipso!

266 1956 330 2021 Sed
351 1976 416 2021 nox
437 1961 509 2021 atra
530 1961 628 2038 caput
649 1956 734 2021 tristi
758 1956 965 2021 circumvolat
987 1959 1106 2023 umbra

267 2042 349 2105 Tum
371 2047 464 2123 pater
485 2042 653 2121 Anchises,
675 2042 815 2106 lacrimis
837 2042 1000 2123 ingressus
1023 2042 1158 2107 obortis:

267 2127 294 2191 0
317 2133 425 2208 gnate,
447 2128 612 2209 ingentem
633 2127 757 2191 luctum
780 2146 820 2192 ne
843 2146 963 2207 quaere
986 2133 1127 2206 tuorum,
1178 2152 1181 2163 ¹

176 2213 245 2277 870
268 2211 450 2277 051555551
472 2213 568 2277 terris
589 2212 674 2277 bunc
696 2216 822 2277 tantum
844 2212 924 2290 iata,
947 2231 1050 2293 neque
1074 2213 1159 2277 ultra

265 2298 346 2362 Esse
369 2298 482 2362 sinent.
526 2298 667 2361 Nimium
688 2297 778 2363 vobis
800 2300 944 2362 Romana
965 2316 1104 2379 propago

266 2383 344 2448 Visa
364 2389 490 2464 551555,
513 2383 641 2464 Superi,
663 2383 793 2465 propria
814 2383 894 2447 haec
917 2383 944 2447 si
967 2384 1051 2448 dona
1072 2383 1216 2447 fuissent.

267 2468 411 2546 Quantos
431 2468 488 2533 ille
510 2469 613 2534 virum
634 2489 782 2551 magnam
804 2468 958 2534 Mavortis
982 2469 1021 2534 ad
1044 2468 1155 2534 urbem

266 2553 404 2635 Campus
426 2558 503 2635 aget
524 2555 674 2636 gemitus!
706 2555 758 2619 vel
781 2573 876 2636 quae,
899 2555 1063 2634 Tiberine,
1085 2553 1207 2618 videbis

176 2638 244 2703 875
265 2640 405 2716 Funera,
428 2657 500 2702 cum
522 2640 679 2703 tumulum
701 2640 940 2721 praeterlabere
962 2640 1139 2704 recentem!

266 2723 334 2788 Nec
355 2741 437 2806 puer
457 2723 557 2788 Iliaca
577 2725 746 2806 quisquam
768 2725 808 2789 de
831 2730 927 2806 gente
950 2725 1081 2789 Latinos

265 2809 303 2872 In
325 2812 451 2872 tantum
473 2826 530 2890 spe
552 2810 647 2874 tollet
670 2827 759 2887 avos,
782 2829 842 2874 nec
864 2811 1001 2874 Romula
1023 2810 1182 2892 quondam

264 2892 339 2957 Ullo
362 2911 398 2957 se
419 2898 546 2958 tantum
568 2895 664 2959 tellus
686 2895 820 2959 iactabit
842 2895 979 2960 alumno.

269 2977 343 3042 Heu
364 2978 479 3059 pietas,
502 2979 565 3043 heu
587 2980 693 3061 prisca
713 2978 808 3058 fides,
830 2980 1013 3061 invictaque
1035 2980 1119 3045 bello

179 3191 327 3254 videantur,
354 3208 400 3240 555
427 3192 491 3242 5515
516 3200 541 3242 51
566 3192 660 3256 rigida,
687 3190 718 3242 51.
746 3192 795 3242 Cic.
823 3193 892 3242 Brut.
920 3209 941 3242 c.
969 3190 1021 3258 181
1056 3189 1115 3244 851.
1142 3208 1167 3242 v.
1193 3192 1222 3242 E.
1249 3191 1275 3256 3,
1303 3189 1346 3243 41.

177 3256 239 3310 853.
255 3263 328 3325 pacta
339 3275 439 3311 marera
455 3261 521 3323 „des
532 3260 657 3311 Friedem
668 3258 751 3310 Sitte“
770 3265 861 3326 impon.
867 3298 874 3324 ,
893 3262 972 3311 victos
985 3261 1145 3312 adsuefacere
1156 3261 1224 3311 vitae
1235 3270 1350 3342 pacatae.

182 3326 242 3380 8o6.
261 3328 316 3378 Liv.
335 3329 400 3394 11511.
417 3325 459 3380 20.
482 3327 596 3395 Propert.
618 3325 754 3391 Δ111139
773 3328 839 3394 sqq!
880 3327 940 3380 859.
962 3347 1044 3396 eques.
1075 3331 1178 3379 Servius
1202 3329 1257 3389 „bre
1276 3328 1365 3379 Gallos

178 3403 206 3447 et
228 3396 322 3447 Poenos
344 3398 454 3462 equestri
480 3398 613 3448 certamine
639 3398 795 3462 superavit.“
830 3397 974 3448 Clarissima
1002 3398 1048 3448 1511
1071 3397 1104 3447 M.
1130 3397 1226 3448 Claudii
1249 3397 1366 3450 Marcelli

180 3466 286 3516 victoria
308 3471 462 3533 515551515
484 3466 619 3530 equestris,
640 3479 714 3530 quam
738 3481 770 3514 ex
793 3464 872 3515 Gallis
896 3481 968 3516 caeso
991 3469 1052 3518 5555
1069 3466 1218 3516 Virdomaro
1242 3466 1365 3531 lectisque

181 3535 266 3598 spoliis
288 3535 375 3600 opimis
399 3536 548 3600 reportavit,
569 3533 634 3584 Plut.
659 3532 736 3583 Marc.
760 3549 783 3598 5.
807 3531 860 3586 300
876 3534 922 3584 Ed.
940 3535 982 3584 Fr.
1018 3535 1056 3584 Ad
1075 3535 1163 3585 Nolam
1187 3549 1283 3599 quoquc
1308 3549 1366 3584 5551

180 3602 274 3666 primus
298 3601 464 3652 Romanorum
485 3604 597 3653 vinceret
613 3602 784 3663 Hannibalem,
807 3603 931 3666 egregiam
955 3604 1080 3668 praestitit
1103 3603 1229 3666 equitatus
1253 3617 1365 3668 operam,

180 3667 246 3718 Plut.
265 3686 288 3734 p.
307 3667 366 3721 303.
390 3670 445 3721 Liv.
461 3668 503 3735 28,
523 3668 563 3721 16.
593 3671 632 3720 Ab
651 3670 788 3721 Hannibale
805 3671 935 3734 gladius
954 3670 1051 3738 (spada
1068 3671 1093 3722 d'
1110 3670 1204 3738 Italia)
1222 3670 1366 3737 appellatus

178 3736 392 3806 55111515511551
426 3737 486 3789 860.
504 3739 600 3789 Primus
618 3739 737 3789 Romulus
755 3738 809 3789 Iovi
827 3741 906 3805 opima
924 3742 1003 3806 spolia
1022 3741 1183 3801 consecravit,
1201 3739 1255 3789 Liv.
1275 3737 1299 3800 1,
1318 3737 1365 3800 103

179 3804 262 3854 altera
279 3804 355 3856 Marti
373 3807 475 3871 Cossus,
493 3809 587 3872 dequo
605 3823 630 3856 v.
648 3822 687 3856 vs.
705 3803 781 3868 8421
816 3804 874 3859 862.
896 3808 1052 3872 significatur
1069 3807 1215 3872 Marcellus,
1241 3807 1366 3858 Octaviae

180 3873 274 3921 sororis
297 3873 403 3937 Augusti
420 3877 497 3938 lilius,
521 3878 552 3926 ab
576 3877 689 3940 Augusto
713 3876 847 3992 55515155
871 3877 965 3942 ipsique
989 3883 1013 3927 51
1037 3877 1126 3943 555515
1150 3884 1253 3942 propter
1275 3878 1365 3926 miram

180 3941 356 3990 iucunditatem
374 3958 468 3992 morum
486 3945 596 4010 inprimis
613 3943 725 4008 gratus!
780 3942 819 3994 66.
837 3948 987 4010 55155151,
1005 3953 1099 4010 quanta
1111 3946 1204 4011 species
1217 3953 1242 3996 et
1254 3945 1364 4008 dignitas

179 4007 255 4074 51151
290 4006 349 4059 868.
367 4013 520 4075 ingressus,
539 4013 570 4062 51.
588 4012 613 4075 4,
633 4011 691 4063 107.
739 4008 798 4060 872.
816 4027 918 4078 propa,
940 4028 964 4062 v.
990 4013 1018 4063 ll.
1038 4013 1062 4076 7,
1080 4010 1138 4080 311
1172 4011 1231 4063 873.
1250 4014 1364 4079 55551155

179 4085 220 4128 est
237 4076 370 4128 Marcellus
388 4080 411 4127 15
430 4079 523 4146 Campo
542 4079 657 4145 11511151
691 4015 751 4128 874.
772 4078 857 4146 Cump.
877 4095 915 4144 5.,
939 4081 1033 4132 55111551
1051 4088 1137 4145 agent,
1161 4083 1270 4146 quitum
1290 4087 1365 4131 erunt

180 4147 204 4196 iu
228 4145 342 4213 (1515551
377 4143 436 4197 875.
460 4151 518 4196 tuln
544 4163 608 4211 rec,
636 4146 788 4197 Mausoleum
810 4149 917 4211 Augusti
943 4150 966 4198 15
992 4149 1083 4216 Campo
1107 4150 1196 4200 Martio
1224 4151 1255 4199 ad
1283 4151 1364 4216 ripam

182 4214 289 4275 Tiberis,
302 4215 366 4279 quod
382 4214 510 4278 Augustus
522 4214 575 4281 ipse
587 4231 650 4265 auno
667 4233 692 4265 u.
709 4212 760 4265 726
773 4222 947 4277 exstruxerat3
965 4218 988 4266 in
1002 4219 1143 4269 1551115155
1156 4213 1364 4282 551Μ555511551

179 4281 241 4335 877.
259 4283 289 4332 15
307 4286 325 4332 1.
338 4300 359 4335 a.
374 4288 390 4333 1.
404 4301 438 4348 5.,
456 4290 551 4334 tantam
570 4299 636 4350 spera
655 4287 759 4333 avorum
778 4285 808 4334 55
827 4282 1012 4350 555551155111
1047 4284 1106 4337 879.
1125 4286 1280 4352 1155515155
1299 4292 1362 4346 551.;

179 4352 217 4402 ita
234 4352 350 4417 loquitur,
369 4354 411 4417 qui
428 4367 482 4402 cum
500 4367 594 4402 summo
613 4352 734 4403 desiderio
748 4353 849 4416 cogitat,
867 4360 984 4418 qnantum
996 4355 1112 4404 amissum
1126 4355 1159 4404 511
1170 4356 1192 4403 15
1206 4354 1364 4404 adolescente

351 4598 772 4742 a*
