2942 4975
203 373 269 438 200
578 367 612 431 P.
634 365 800 430 VIRGILI
821 364 1013 430 MARONIS

289 559 480 623 Deseruere.
524 553 652 634 Domus,
668 551 757 615 sanie
780 551 977 632 dapibusque
1001 553 1141 616 omentIs

290 645 394 720 Intus,
418 658 529 722 opaca,
552 638 679 718 ingens3
702 636 771 717 ipse
794 638 926 715 arduus,
950 637 1079 718 altaque
1101 638 1209 719 pulsat

205 728 270 794 620
292 729 404 794 Sidera
428 761 466 772 -
490 723 545 802 Di,
568 723 667 787 talem
690 722 786 785 terris
809 722 946 786 auertite
969 724 1107 803 pestem!
1129 743 1186 769 -’

291 813 359 879 Nec
379 811 451 875 visu
472 808 574 874 facilis
596 825 656 870 nec
679 806 768 870 dictu
794 806 941 871 adfabilis
963 807 1030 870 ulli.

292 897 476 962 Visceribus
498 893 689 957 miserorum
712 896 745 955 et
767 892 922 973 sanguine
945 892 1086 956 vescitur
1108 897 1187 958 atro.

291 983 366 1048 Vidi
390 984 530 1062 egomet,
552 978 615 1041 duo
639 976 679 1040 de
701 995 836 1040 numero
860 994 932 1041 cum
955 996 1089 1058 corpora
1111 983 1223 1043 nostro

291 1069 415 1134 Prensa
436 1083 532 1128 manu
553 1080 669 1143 magna
686 1061 796 1125 'medio
818 1062 988 1142 resupinus
1009 1063 1043 1126 in
1066 1069 1158 1128 antro

207 1153 271 1220 625
292 1154 472 1232 Frangeret
494 1148 535 1212 ad
558 1165 680 1225 saxum,
703 1147 857 1228 sanieque
879 1166 1031 1228 exspersa
1053 1151 1204 1212 natarent

292 1237 433 1317 Limina,
454 1233 521 1298 vidi
542 1236 612 1296 atro
636 1250 707 1297 cum
728 1233 872 1296 membra
893 1231 1026 1297 fluentia
1047 1233 1123 1298 tabo

292 1321 478 1398 Manderet,
502 1323 535 1382 61
557 1317 658 1398 tepidi
680 1321 858 1381 tremerent
880 1318 938 1381 sub
962 1319 1112 1382 dentibus
1134 1323 1241 1383 artus.⁴

294 1406 388 1473 Haud
411 1405 529 1485 inpune
544 1403 694 1484 ‘quidem3
717 1421 778 1466 nec
800 1402 879 1466 talia
900 1421 1013 1484 passus
1034 1404 1153 1483 Ulixes

296 1492 462 1557 Oblitusve
485 1489 534 1554 sui
558 1492 607 1552 est
628 1488 758 1552 Ithacus
781 1488 964 1552 discrimine
985 1492 1086 1552 tanto.

209 1577 274 1643 630
295 1578 379 1643 Nam
402 1575 496 1640 simul
519 1573 664 1655 expletus
688 1573 823 1653 dapibus
845 1574 983 1653 vinoque
1006 1573 1151 1655 sepultus

297 1661 462 1728 Cervicem
483 1658 631 1724 inflexam
653 1658 774 1739 posuit,
796 1658 958 1740 iacuitque
979 1677 1038 1740 per
1060 1662 1189 1723 antrum

216 1759 220 1766 ’
295 1748 476 1823 Inmensus,
499 1743 621 1808 saniem
644 1747 793 1806 eructans
817 1748 851 1808 et
872 1743 976 1808 frusta
997 1749 1131 1808 cruento

295 1833 359 1897 Per
382 1848 528 1895 somnum
552 1828 721 1892 commixta
742 1845 845 1907 mero,
868 1847 938 1906 noa,
960 1847 1077 1909 magna
1098 1829 1223 1910 precati

297 1916 436 1981 Numina
457 1913 626 1993 sortitique
649 1913 747 1990 vices,
771 1932 836 1978 una
857 1914 997 1994 undique
1021 1914 1140 1978 circum

211 2001 275 2068 635
296 2000 487 2077 Fundimur,
511 2003 545 2063 et
566 1997 631 2062 telo
654 1999 764 2062 lumen
786 1999 986 2064 terebramus
1008 2004 1113 2078 acuto,

299 2087 429 2168 Ingena,
453 2085 536 2164 quod
560 2088 653 2148 torva
675 2084 778 2148 solum
801 2085 861 2149 sub
882 2083 989 2148 fronte
1011 2083 1143 2162 latebat,

299 2169 441 2253 Argolici
464 2169 558 2251 clipei
580 2173 637 2233 aut
656 2169 827 2233 Phoebeae
849 2168 1005 2251 lampadis
1025 2169 1137 2249 instar,

299 2259 343 2322 Et
365 2254 496 2321 taudem
518 2255 595 2319 laeti
619 2254 777 2318 sociorum
799 2255 982 2319 ulciscimur
1003 2253 1141 2318 umbras,

301 2341 364 2408 Sed
386 2340 502 2422 fugite,
525 2359 543 2405 o
567 2339 688 2423 miseri,
710 2338 825 2421 fugite,
849 2344 946 2420 atque
969 2338 1007 2403 ab
1030 2338 1126 2404 litore
1149 2337 1259 2404 funem

214 2425 279 2492 640
300 2427 459 2509 Rumpite.
793 2460 795 2463 ·

301 2514 384 2579 Nam
406 2513 508 2594 qualis
531 2517 733 2592 quantusque
757 2528 834 2575 cavo
856 2510 1070 2593 Polyphemus
1092 2510 1126 2574 in
1151 2515 1245 2575 antro

299 2599 475 2679 Lanigeras
499 2597 619 2661 claudit
640 2596 780 2677 pecudes
804 2601 901 2677 atque
923 2596 1024 2659 ubera
1045 2600 1180 2676 pressat,

302 2683 437 2765 (lentum
462 2682 515 2745 alii
538 2700 635 2745 curva
656 2682 736 2745 hacc
759 2681 906 2746 habitant
928 2681 968 2745 ad
990 2680 1087 2744 litora
1108 2681 1202 2762 volgo

301 2765 429 2831 Infandi
451 2766 605 2849 Cyclopes
629 2770 663 2831 et
685 2766 758 2830 altis
780 2767 942 2831 montibus
966 2769 1084 2830 errant.

217 2851 281 2916 645
304 2851 414 2916 Tertia
435 2851 499 2915 iam
520 2851 631 2915 Lunae
654 2869 688 2915 se
711 2869 831 2917 cornua
852 2852 972 2916 lumine
995 2851 1156 2932 conplent,

303 2936 382 3001 Cum
404 2935 503 3000 vitam
525 2936 559 2999 in
582 2935 668 3000 silvis
689 2936 775 3001 inter
797 2938 927 3001 deserta
947 2934 1089 3000 ferarum

302 3021 421 3085 Lustra
444 3020 618 3101 domosque
641 3021 750 3100 traho,
772 3027 944 3103 vastosque
966 3021 1006 3085 ab
1028 3038 1109 3101 mpe
1131 3017 1287 3101 Cyclopas

301 3105 479 3186 Prospicio‚
502 3106 706 3186 sonitmnque
729 3108 847 3187 pedum
868 3124 1044 3187 vocemque
1064 3111 1234 3169 tremesco.

218 3300 255 3346 ut.
269 3295 351 3359 sort,
370 3294 464 3343 utinam
481 3307 586 3359 pauper,
604 3308 665 3357 ergo
683 3294 757 3356 dorni,
774 3308 876 3345 manere
894 3292 1060 3361 maluissem!
1093 3289 1154 3343 618.
1174 3295 1262 3356 sunm,
1286 3294 1394 3360 dapum,

218 3363 331 3415 Ablativi
348 3361 490 3427 qualitatIs3
510 3362 597 3412 domus
616 3361 689 3411 foeda
706 3362 812 3427 dapibus
830 3368 856 3413 et
874 3364 956 3421 sanie;
975 3362 1089 3411 similiter
1105 3366 1188 3411 vertes
1205 3365 1279 3411 ostro
1296 3364 1393 3429 superte

219 3430 233 3482 1
259 3428 319 3482 639.
355 3431 425 3481 Hom.
444 3428 491 3479 0d.
510 3427 536 3493 9,
552 3427 603 3480 289
622 3444 672 3496 sq.:
697 3421 751 3481 σὺν
774 3428 809 3479 δέ
826 3421 885 3480 δύω
902 3422 944 3499 μά
964 3443 1020 3496 ψας
1091 3429 1160 3479 ποτὶ
1176 3431 1244 3497 γαίῃ
1263 3423 1352 3479 κόπτ’·
1369 3428 1395 3480 ἐκ

219 3469 244 3551 δ1
263 3496 418 3566 ἐγκέφαλος
432 3490 563 3581 papatu
586 3496 643 3569 ῥέε,
663 3496 728 3547 δεῦε
747 3496 780 3548 δὲ
797 3500 890 3561 γαῖαν,
909 3446 998 3550 61673
1010 3512 1062 3563 sup:
1080 3490 1209 3564 φάρυγος
1226 3489 1253 3547 d'
1269 3496 1394 3553 ἐξέσσυτο

219 3565 295 3621 οἶνος
313 3570 416 3635 ψωμοί
432 3584 446 3615 τ
474 3558 641 3635 ἀνδρόμεοι·
662 3561 676 3615 ὁ
696 3559 721 3615 d'
743 3561 874 3634 ἐρεύγετο
893 3565 1099 3636 οἰνοβαρείων]
1127 3563 1179 3617 619
1191 3581 1228 3631 sq.
1247 3563 1394 3618 6166666.

219 3634 253 3686 Ut
269 3633 408 3686 Manium
426 3636 523 3685 nomine
541 3638 589 3697 (vs.
601 3629 662 3696 565)
680 3635 761 3685 locum
779 3635 1008 3701 profundissimum,
1024 3635 1061 3685 ita
1078 3634 1166 3684 caeli
1185 3630 1396 3699 (11861678.

218 3699 293 3767 4,89.
306 3699 395 3769 8,99),
413 3711 575 3754 astrorum
589 3699 791 3767 (3611111759)
803 3710 829 3754 et
840 3706 987 3755 siderum
1000 3699 1396 3768 (3‚574)voemulisiu1mensu

220 3770 376 3821 altitudinem
395 3772 533 3834 significant
551 3771 663 3837 poetae!
697 3770 757 3823 621.
775 3773 840 3823 Stat.
853 3774 879 3823 S.
892 3770 917 3835 3,
930 3771 956 3836 3,
968 3770 1001 3822 72
1013 3771 1179 3835 „Terribilem
1193 3769 1283 3822 adfatu
1301 3774 1397 3837 maeque

218 3839 395 3908 tyrannum.“fl
431 3836 489 3889 624.
508 3844 659 3907 resupinus,
678 3840 783 3891 Servius
806 3842 967 3905 „magnitudo
986 3840 1077 3890 virium
1098 3840 1253 3902 ostenditur,
1271 3842 1339 3905 quod
1354 3852 1397 3891 uua

218 3920 302 3968 manu,
320 3906 385 3970 quod
403 3908 536 3971 resupinus
555 3906 631 3975 [humi
644 3909 749 3975 iacens],
767 3911 832 3974 quod
850 3909 988 3973 frangeret,
1005 3909 1069 3974 quod
1082 3909 1187 3959 elideret
1203 3922 1252 3957 nou
1264 3909 1290 3958 in
1303 3916 1397 3968 terrun,

220 3975 263 4027 sed
277 3974 309 4023 ad
325 3988 414 4023 saxum
432 3975 573 4027 sublimitas
592 3976 750 4048 quateret.“'
784 3974 843 4027 627.
863 3978 948 4043 tepidi,
969 3977 1057 4043 quippe
1075 3977 1184 4026 calorem
1201 3976 1307 4026 vitalem
1326 3979 1397 4028 adbuc

219 4044 372 4105 retinentes,
389 4042 412 4091 id
432 4043 496 4106 quod
514 4044 575 4095 Aah.
594 4047 642 4095 etsi
660 4062 708 4095 non
727 4046 855 4107 videre,
877 4047 941 4096 scire
958 4053 1041 4095 tamen
1060 4046 1155 4111 potuit;
1172 4051 1318 4096 tremunt
1334 4046 1397 4104 enim,
1448 4047 1449 4050 ’

219 4111 284 4178 quod
297 4117 355 4160 sunt
368 4110 448 4161 adhuc
459 4110 560 4179 tepidi}
596 4110 654 4163 629.
672 4111 775 4164 Ithacus
797 4112 938 4178 appellatur
961 4114 1092 4177 aVirgitio
1111 4112 1214 4174 tumes,
1231 4114 1275 4163 ubi
1293 4115 1398 4178 tangitur

219 4180 272 4232 eius
290 4178 414 4241 vafrities,
431 4185 558 4243 tamquam
577 4182 622 4230 hoc
639 4182 751 4232 traxerit
768 4196 784 4231 a
800 4182 895 4247 patria;
914 4182 945 4232 cf.
957 4181 984 4245 2,
996 4179 1054 4232 104.
1069 4178 1119 4232 122
1131 4188 1193 4232 etv.
1205 4177 1232 4243 6,
1243 4177 1317 4248 5111
1347 4177 1396 4234 636

219 4248 289 4300 Hom.
301 4246 348 4298 Od.
358 4246 384 4310 9,
393 4244 443 4297 331
453 4251 617 4312 sq.-vices,
630 4250 695 4312 quod
709 4250 797 4314 cuique
808 4258 877 4300 esset
894 4252 1026 4314 agendum.
1073 4247 1132 4299 637.
1146 4248 1246 4316 clipeus
1260 4250 1294 4299 ab
1307 4248 1397 4315 Argivis
1448 4243 1449 4270 ¹

218 4317 335 4368 iuventus
353 4316 476 4368 robaudus
494 4323 550 4365 erat
567 4324 593 4367 et
610 4316 740 4382 mugnus!
775 4314 834 4368 639.
846 4333 871 4368 v.
883 4318 913 4369 G.
928 4318 952 4382 1,
963 4315 1022 4371 457.
1074 4314 1133 4367 643.
1151 4318 1232 4382 uolgo,
1255 4320 1359 4383 pausian,
1371 4314 1396 4365 ci.

219 4384 244 4451 6,
256 4382 333 4455 2861
363 4381 422 4439 646.
434 4401 460 4435 v.
472 4382 498 4449 2,
511 4380 586 4452 7144
614 4381 673 4435 647.
692 4386 748 4450 „ab
767 4402 844 4452 rupe
861 4388 1009 4453 prospicio,“
1027 4387 1087 4451 quia
1103 4386 1149 4459 „in
1167 4385 1284 4436 silvis“
1303 4389 1398 4438 arbores
