2942 4975
222 250 286 317 eoo
369 285 378 304 -
592 250 626 313 P.
648 248 812 313 vraonr
834 212 1022 312 umoris

310 438 446 503 Goniicit
466 438 564 518 inque
585 436 688 500 sinum
710 434 898 517 praecordia
919 435 960 498 ad
981 432 1095 499 intima
1116 434 1233 513 subdit,

309 523 378 600 Quo
401 522 570 589 furibunda
593 521 721 585 domum
743 525 885 585 monstro
908 518 1099 601 permisceat
1121 518 1255 585 ornnem.

308 608 380 687 Ille,
395 608 487 673 inter
507 611 615 671 vestes
638 611 671 671 et
693 606 778 671 levia
797 610 930 688 pectora
951 606 1079 687 lapsus,

161 710 166 722 ⁸
220 692 288 766 350
308 693 456 758 Volvitur
479 697 602 758 attactu
624 692 725 770 nullo,
748 689 893 773 fallitque
915 689 1087 755 furentem¹

307 779 479 860 Vipeream
500 777 660 859 inspirans
683 776 833 856 animam3
854 775 892 840 fit
914 776 1023 840 tortile
1046 773 1128 840 sollo

306 865 429 928 Aurum
451 864 564 944 ingens
586 862 728 941 coluber,
751 860 789 925 fit
809 862 925 944 longae
948 860 1055 925 taenia
1076 860 1186 939 vittae,

307 948 511 1030 Insectitque
535 966 654 1026 comas,
677 952 710 1011 et
732 947 883 1012 membris
904 947 1045 1016 lubricus
1068 951 1163 1032 errat

307 1036 355 1099 Ac
377 1034 452 1098 dum
474 1034 577 1115 prima
597 1033 666 1097 lues
688 1033 753 1100 ude
775 1033 926 1113 sublapsa
945 1049 1069 1096 veneno

221 1118 286 1183 355
308 1121 510 1201 Pertemptat
531 1136 643 1183 sensus
666 1122 763 1197 atque
785 1118 908 1182 ossibus
929 1116 1062 1198 inplicat
1074 1116 1190 1197 agnem

308 1205 453 1270 Necdum
475 1204 598 1267 animus
621 1208 689 1268 toto
705 1203 858 1284 percepit
878 1206 1009 1284 pectore
1030 1200 1197 1280 flammam,

308 1289 450 1368 Mollius,
473 1294 506 1353 et
528 1289 621 1354 solito
644 1293 782 1352 matrum
805 1288 844 1352 de
865 1306 968 1366 more,
989 1287 1098 1352 locuta
1120 1292 1178 1365 est,

308 1374 412 1440 Multa
433 1393 529 1457 super
549 1378 645 1439 natae
667 1373 836 1452 lacrimans
859 1373 1067 1456 Phrygiisque
1089 1371 1287 1454 hymenaeis:

307 1460 518 1526 Exsuhbusue
541 1461 636 1525 datur
658 1459 805 1524 ducenda
825 1458 958 1523 Lavinia
979 1457 1119 1536 Teucris,

223 1545 288 1609 360
311 1545 337 1610 Ο
361 1546 508 1627 genitor?
542 1563 602 1609 nec
625 1549 658 1609 te
680 1545 812 1608 miseret
833 1547 1014 1626 gnataeque
1035 1543 1168 1624 tuique?

308 1632 377 1697 Nec
398 1632 509 1696 matris
531 1630 676 1708 miseret,
698 1628 918 1711 quamprimo
941 1627 1088 1710 aquilone
1110 1628 1273 1709 relinquet

308 1714 465 1796 Perfidus,
489 1716 555 1781 alta
576 1720 690 1797 petens
713 1714 851 1784 abducta
871 1713 994 1794 virgine
1016 1713 1155 1795 praedo?
1321 1778 1328 1785 ,

308 1803 359 1866 An
380 1820 445 1865 non
468 1801 514 1866 sic
535 1800 691 1882 Phrygius
713 1804 864 1882 penetrat
885 1800 1129 1864 Lacedaemona
1148 1803 1259 1881 pastor

308 1886 531 1968 Ledaeamque
553 1886 710 1950 Helenam
733 1885 886 1949 Troianas
907 1884 994 1949 vexit
1016 1884 1057 1949 ad
1077 1884 1193 1949 urbes?

222 1969 287 2036 365
309 1970 392 2049 Qid
414 1976 470 2037 tua
491 1975 602 2036 sancta
624 1968 723 2035 fides?
757 1970 833 2052 quid
856 1989 933 2035 cura
955 1970 1086 2051 antiqua
1107 1974 1235 2034 tuorum

308 2055 352 2122 Et
374 2056 608 2138 consanguineo
631 2056 749 2120 totiens
771 2057 847 2122 data
869 2056 1001 2120 dextera
1022 2054 1151 2119 Turno?

308 2141 342 2206 Si
362 2160 463 2224 gener
485 2146 618 2207 externa
637 2142 760 2223 petitur
782 2141 822 2205 de
845 2146 942 2223 gente
963 2140 1095 2220 Latinis

308 2226 409 2309 quue
432 2228 536 2307 sedet,
559 2227 723 2308 Faunique
745 2232 897 2308 premunt
918 2231 951 2291 te
972 2226 1060 2291 iussa
1079 2224 1231 2307 parentis,

309 2312 445 2378 Omnem
468 2313 615 2395 equidem
638 2313 774 2394 sceptris
796 2316 915 2377 terram
937 2330 1020 2393 quae
1042 2311 1145 2375 libera
1165 2310 1287 2375 uostris

119 2436 121 2442 ι
223 2393 290 2465 373
307 2398 464 2478 Dissidet,
487 2403 652 2463 externam
674 2417 763 2476 reor,
786 2402 820 2461 et
841 2396 886 2461 sic
909 2397 1016 2462 dicere
1039 2396 1136 2460 divos.

208 2558 214 2567 ,
307 2484 351 2549 Et
374 2484 494 2565 Turno,
517 2484 544 2550 si
566 2484 668 2566 prima
691 2484 803 2548 domus
825 2488 991 2565 repetatur
1014 2482 1112 2564 origo,

215 2579 219 2585 ’
306 2570 443 2634 Inachus
465 2570 670 2651 Acrisiusque
691 2572 801 2651 patres
823 2569 1010 2650 mediaeque
1031 2568 1195 2649 Mycenae.

327 2697 331 2712 ,
389 2655 448 2718 His
470 2655 525 2720 uhi
547 2655 740 2736 nequiquam
762 2654 855 2731 dictis
878 2658 1011 2736 experta
1031 2653 1181 2718 Latinum

196 2740 205 2760 '
310 2739 429 2804 Contra
450 2744 536 2806 stare
557 2741 659 2820 videt,
681 2739 873 2822 penitusque
894 2740 929 2804 in
951 2739 1074 2805 viscera
1095 2739 1221 2819 lapsum

223 2824 286 2890 375
308 2823 472 2907 Serpentis
494 2825 609 2890 furiale
630 2825 763 2904 malum,
782 2829 949 2906 totamque
971 2828 1126 2906 pererrat,

222 3043 283 3097 347.
301 3049 329 3096 15
346 3048 442 3108 sinum,
460 3045 499 3096 eui
516 3047 655 3112 respondet,
673 3046 737 3111 quod
755 3060 793 3096 vs.
811 3043 863 3096 349
884 3047 988 3110 legitur,
1007 3049 1076 3097 diter
1092 3049 1177 3095 uerter
1194 3048 1220 3094 et
1234 3048 1346 3111 pectora
1352 3063 1361 3104 ;
1379 3052 1403 3096 et

223 3115 371 3165 1151551155
389 3115 421 3163 ad
438 3115 597 3180 praecordis,
621 3115 692 3178 „locs
714 3115 783 3165 cordi
801 3115 894 3177 vicina,
918 3122 947 3165 ut
966 3115 1002 3165 ait
1019 3113 1136 3176 Servius,
1160 3113 1250 3179 quihus
1268 3114 1404 3180 percipitur

222 3178 353 3236 sensus.“l
389 3179 440 3234 350
458 3195 494 3246 sq.
511 3182 576 3247 sall.
595 3185 624 3249 s.
644 3183 702 3250 Vip.
721 3186 787 3262 imp.
806 3199 864 3246 55,
888 3184 905 3232 1.
923 3199 944 3233 a
968 3183 1032 3233 clam
1055 3183 1160 3248 inspirat
1181 3180 1272 3232 lurensi
1296 3183 1403 3232 animam

203 3225 286 3317 ινῆι,
312 3249 415 3304 ἔλαθεν
441 3242 527 3314 αὐτὴν
554 3250 669 3320 πνεῦμα
696 3245 832 3319 ducerem*
857 3250 1011 3310 5155νέ55,
1035 3251 1121 3316 Eurip.
1146 3249 1244 3301 Heracl
1267 3246 1322 3300 339
1346 3241 1403 3317 ,μὴ

222 3312 312 3390 λάθῃ
330 3335 374 3388 με
392 3311 594 3387 προσπεσών.“
629 3321 716 3372 Horat.
734 3320 780 3386 Ep.
799 3318 824 3382 1,
843 3317 884 3383 17,
907 3316 941 3370 10
964 3319 1033 3382 „Nec
1050 3319 1116 3369 vixit
1133 3319 1211 3381 mule,
1235 3318 1277 3382 qui
1301 3324 1404 3370 natus

221 3388 627 3455 moriensquesaseitit.“l
662 3385 721 3439 351.
739 3405 778 3439 vs.
798 3384 848 3438 753
866 3387 1043 3452 „graviter
1059 3387 1264 3454 spirantibus
1290 3387 1405 3454 5511515.α

222 3485 256 3496 -
274 3457 341 3522 colio,
359 3473 384 3508 v.
403 3472 441 3506 vs.
454 3454 527 3520 2251
561 3454 620 3509 352.
639 3460 743 3520 „taenia
763 3463 802 3507 est
818 3457 938 3506 vittarum
955 3455 1119 3507 extremitas“
1135 3454 1246 3505 Servius.
1262 3482 1299 3491 —
1315 3459 1404 3518 511155,

221 3543 247 3576 v.
265 3543 304 3576 rs.
321 3524 398 3592 4034
432 3521 491 3578 354.
506 3528 596 3592 msa
654 3539 761 3589 veneno,
783 3525 860 3590 pestis
884 3525 961 3590 primo
979 3524 1065 3576 furtim
1083 3539 1111 3574 se
1127 3524 1151 3572 in
1169 3539 1213 3574 eor
1230 3538 1259 3572 ns
1276 3523 1404 3574 insinuans

220 3596 282 3644 udo
305 3610 439 3658 veneno,
464 3587 982 3659 15555551555555551555155555Ι
1016 3589 1076 3643 355.
1099 3607 1124 3642 ν.
1148 3589 1172 3655 1,
1244 3586 1264 3657 .Ι
1298 3588 1362 3642 359.
1380 3607 1403 3642 v.

222 3662 251 3712 ll.
269 3660 294 3725 3,
313 3659 351 3725 7.Ι
385 3660 444 3712 361.
468 3665 567 3729 perro,
591 3663 634 3714 uhi
657 3663 760 3727 primum
784 3665 845 3711 hare
867 3661 949 3726 aquilo
973 3665 1071 3723 (ventus
1093 3661 1126 3710 55
1150 3659 1224 3710 ltalia
1247 3659 1404 3710 solventibus

222 3730 354 3791 secundus)
372 3727 506 3797 cooperit!
540 3727 599 3781 363.
618 3729 667 3780 Alii
683 3732 723 3780 At
733 3746 783 3781 555
795 3732 849 3780 ric:
867 3730 938 3794 quasi
949 3745 995 3779 555
1009 3729 1081 3779 simili
1093 3730 1165 3778 modo
1178 3727 1297 3793 Spartam
1309 3729 1405 3779 venerit

221 3798 306 3858 Paris;
330 3805 355 3850 et
373 3803 403 3849 at
421 3799 543 3866 particula
561 3806 621 3866 apta
639 3806 678 3848 est
695 3799 801 3861 ironiae,
825 3813 952 3848 sarcasmo
976 3803 1001 3847 et
1017 3797 1133 3848 irrisioni.
1151 3795 1252 3846 -Per
1269 3794 1404 3860 Praesens,

219 3870 354 3932 penetrat,
377 3883 419 3918 res
454 3868 573 3918 caeterita
591 3868 626 3917 ita
644 3869 667 3916 15
685 3867 828 3918 memoriam
847 3872 993 3929 revocatur,
1015 3871 1043 3915 ut
1060 3866 1133 3930 quasi
1150 3880 1213 3914 uuae
1229 3865 1284 3928 geri
1301 3864 1405 3930 flerique

222 3933 360 3998 videatur!
448 3973 454 3985 .
471 3935 541 3997 Quid
558 3941 605 3986 tus
661 3939 703 3986 aa?
721 3935 789 3985 55115
807 3936 856 3985 155
868 3931 950 4002 eati,
963 3930 1023 3984 366.
1041 3949 1194 3998 consum,
1210 3938 1250 3982 est
1262 3935 1328 3984 enim
1340 3934 1404 3992 lilius

222 4001 348 4065 Venilise,
372 4003 466 4053 sororis
483 4001 613 4066 Amatae!
648 3999 705 4054 367.
733 4003 848 4066 Latinis,
872 4009 901 4053 ut
925 4000 966 4066 11,
981 3998 1038 4052 Asa
1063 4015 1245 4122 „generufflue
1266 4002 1405 4052 adsciverit

222 4070 330 4132 scr-di,“
349 4085 433 4136 nempe
450 4077 479 4136 ut
490 4077 627 4120 consortem
645 4071 748 4136 imperii,
765 4078 791 4121 et
804 4069 835 4122 51.
848 4086 923 4137 snpra
936 4066 1131 4134 55255-571
1218 4107 1224 4119 .
1240 4075 1404 4137 premunt,

222 4138 334 4207 urgent!
368 4134 427 4188 372.
445 4138 476 4187 ci.
495 4154 532 4188 vs.
544 4134 681 4189 soa-411
700 4146 725 4188 et
739 4155 764 4189 v.
776 4154 815 4189 vs.
827 4136 870 4192 56.
905 4139 994 4203 Argivi
1010 4153 1090 4202 reges,
1108 4137 1246 4204 exquibus
1264 4154 1331 4189 uuus
1349 4146 1405 4190 erat

221 4207 340 4270 Acrisius,
357 4212 431 4274 pater
448 4205 553 4269 Danaas,
570 4221 645 4270 genus
664 4207 787 4258 ducebant
804 4207 835 4257 ah
853 4206 996 4258 155555-
1012 4207 1115 4258 mediae
1131 4205 1174 4268 dd,
1192 4222 1252 4270 ergo
1271 4220 1305 4257 ax
1324 4209 1405 4258 media

223 4273 276 4342 (cui
300 4276 362 4326 nihil
382 4290 437 4326 oum
451 4274 525 4327 Italis
548 4273 688 4342 commuue)
705 4275 825 4339 Argolide
848 4276 938 4342 repetit
958 4273 1059 4326 Turnus
1081 4275 1213 4338 originem
1238 4273 1406 4343 Mycenaeas
