2942 4975
484 273 701 339 AENEIDOS
723 273 804 339 LIB.
826 273 880 338 XI.
957 262 963 271 ¹
1208 270 1270 340 417

178 459 391 527 Praefodiunt
411 459 466 526 alii
488 465 612 542 portas,
631 466 693 530 ¹aut
713 479 790 527 saxa
810 459 970 542 sudesque

179 547 385 612 Subnectant.
428 545 522 611 Bello
545 547 602 610 dat
623 545 749 628 signum
771 564 869 612 rauca
891 548 1058 612 cruentum

87 633 157 698 475
177 632 310 698 Bucina
355 631 437 695 Tum
458 650 566 696 muros
588 633 676 697 varia
697 633 825 698 cinxere
850 648 968 696 corona

178 717 347 784 Matronae
368 716 538 798 pueriqne;
560 722 654 782 vocat
675 717 768 782 labor
789 716 920 782 ultimus
942 715 1052 782 omnis.
1069 751 1072 756 ·

179 803 249 868 Nec
271 820 336 866 non
359 801 400 866 ad
422 803 577 884 templum
600 821 802 884 summasque
824 803 866 867 ad
886 801 1026 868 Palladis
1049 815 1140 868 arces

179 886 375 953 Subvebitnr
395 906 510 968 magna
530 892 669 954 matrum
690 887 802 970 regina
824 891 961 973 caterua,

178 974 274 1038 Dona
294 969 414 1052 terens,
435 972 588 1054 iuxtaque
612 991 718 1038 comes
740 971 873 1039 Lavinia
894 972 993 1054 virgo,

88 1058 158 1124 480
180 1058 301 1123 Caussa
321 1057 397 1122 mali
419 1058 515 1137 tanti,
537 1059 647 1124 oculos
669 1059 795 1124 deiecta
817 1057 960 1124 decoros.

180 1143 365 1208 Succedunt
386 1146 506 1207 matres
527 1146 562 1208 et
584 1144 739 1225 templum
762 1148 834 1208 ture
856 1147 1020 1225 vaporant,

179 1229 223 1296 Et
245 1232 385 1292 maestas
407 1228 472 1293 alto
494 1227 635 1294 fundunt
657 1231 697 1294 de
719 1229 829 1294 limine
850 1245 960 1294 voces:

179 1312 400 1394 Armipotens,
421 1332 552 1395 praeses
573 1314 664 1393 belli,
687 1314 831 1379 Tritonia
852 1312 952 1395 virgo,

178 1399 306 1480 Frange
328 1415 425 1463 manu
447 1399 549 1464 telum
570 1400 700 1482 Phrygii
721 1399 907 1482 praedonis,
930 1402 963 1464 et
983 1398 1087 1480 ipsum

88 1485 157 1552 485
178 1485 320 1548 Pronum
342 1488 453 1548 sterne
475 1485 544 1549 solo
564 1484 731 1567 portisque
754 1484 880 1550 effunde
903 1484 961 1548 sub
984 1483 1066 1548 altis.

180 1567 327 1651 Cingitur
347 1569 418 1650 ipse
437 1567 549 1634 furens
572 1570 719 1635 certatim
741 1570 775 1636 in
796 1569 919 1652 proelia
941 1569 1076 1636 Turnus.

179 1656 312 1735 Iamque
334 1655 414 1718 adeo
435 1655 590 1720 Rutulum
612 1655 745 1720 thoraca
765 1655 896 1720 indutus
919 1654 1007 1719 aenis

179 1739 343 1804 Horrebat
363 1739 516 1820 squamis,
538 1759 693 1823 surasque
714 1740 891 1806 incluserat
911 1758 998 1819 auro,

181 1825 340 1906 Tempora
361 1825 466 1890 nudus
488 1826 606 1906 adhuc,
627 1827 786 1908 laterique
808 1825 990 1892 accinxerat
1012 1839 1131 1906 ensem,

89 1909 158 1976 490
180 1909 401 1991 Fulgebatque
424 1910 491 1975 alta
512 1911 686 1977 decurrens
709 1929 825 1977 aureus
848 1929 930 1990 arce,

179 1995 392 2076 Exsultatqne
414 1995 541 2075 animis,
564 2001 598 2061 et
619 2015 676 2078 spe
697 1996 762 2061 iam
784 1996 940 2078 praecipit
961 1994 1100 2062 hostem:

182 2080 292 2158 Qualis
313 2079 368 2144 ubi
390 2080 535 2164 abruptis
556 2080 640 2163 fugit
660 2080 829 2163 praesepia
850 2080 962 2146 vinclis

181 2162 325 2230 Tandem
346 2165 428 2232 liber
449 2185 563 2248 equus,
587 2184 762 2248 campoque
784 2165 908 2248 potitus
924 2168 1041 2246 ,aperto

180 2253 247 2316 Aut
266 2250 322 2314 ille
343 2250 377 2314 in
399 2257 511 2332 pastus
533 2256 743 2332 armentaque
765 2251 870 2316 tendit
892 2267 1054 2331 equarum,

89 2337 158 2401 495
178 2338 247 2402 Aut
268 2335 421 2401 adsuetus
443 2355 545 2418 aquae
567 2336 718 2419 perfundi
740 2335 869 2403 flumine
890 2340 968 2400 noto

179 2421 317 2501 Emicat,
340 2422 668 2505 arrectisquefremit
690 2421 866 2489 cervicibus
888 2421 954 2487 alte

162 2504 375 2588 luxurians,
397 2508 576 2591 luduntque
597 2508 693 2575 iubae
716 2526 775 2589 per
799 2507 893 2588 colla,
915 2524 974 2589 per
995 2523 1109 2571 armos.

181 2591 284 2657 Obvia
305 2593 371 2672 cui,
392 2594 582 2659 Volscorum
605 2593 673 2659 acie
696 2594 883 2672 comitante,
907 2590 1040 2659 Camilla

182 2677 343 2758 Occurrit,
365 2679 531 2761 portisque
553 2680 593 2745 ab
616 2697 698 2761 equo
721 2679 832 2760 regina
854 2678 913 2743 sub
935 2676 1011 2761 ipsis

91 2763 160 2830 500
180 2762 332 2843 Desiluit,
354 2783 450 2845 quam
472 2769 543 2831 tota
565 2764 679 2831 cohors
700 2764 826 2829 imitata
846 2764 968 2829 relictis

181 2849 233 2914 Ad
254 2853 375 2913 terram
397 2848 530 2915 defluxit
552 2850 657 2933 equis3
679 2855 748 2915 tum
770 2850 848 2915 talia
870 2849 969 2915 fatur:

182 2934 303 3013 Turne,
326 2933 375 2998 sui
396 2935 511 3000 merito
535 2936 561 3001 si
584 2955 649 3017 qua
671 2940 721 3001 est
742 2934 858 3001 fiducia
871 2934 964 3013 dorti,

181 3019 295 3084 Audeo
318 3022 352 3083 et
372 3020 560 3086 Aeneadum
580 3021 734 3103 promitto
758 3038 927 3085 occurrere
950 3024 1074 3085 turmae

182 3103 321 3185 Solaque
344 3104 526 3187 Tyrrhenos
550 3106 675 3188 equites
696 3106 744 3171 ire
767 3106 860 3171 obvia
883 3108 1003 3172 contra

94 3190 161 3257 505
181 3189 236 3256 Me
257 3188 326 3255 sine
348 3190 452 3271 prima
472 3209 569 3256 manu
590 3195 750 3272 temptare
771 3189 915 3273 pericula
935 3189 1028 3269 belli;

183 3274 233 3339 Tu
253 3276 353 3358 pedes
375 3276 416 3341 ad
437 3294 544 3341 muros
567 3276 704 3341 subsiste
727 3281 761 3341 et
782 3275 908 3341 moenia
929 3292 1029 3340 serva

162 3381 166 3389 ’
183 3360 310 3425 Turnus
332 3360 374 3426 ad
395 3361 489 3442 haec,
518 3362 627 3427 oculos
648 3362 808 3427 horrenda
829 3360 863 3425 in
884 3360 1007 3443 uirgine
1028 3357 1123 3424 fixus:

96 3551 121 3601 in
140 3549 228 3599 urbem
260 3549 285 3597 in
302 3563 417 3611 regnum
434 3563 460 3598 v.
573 3589 580 3599 .
630 3548 663 3601 47
683 3588 689 3599 .
708 3548 739 3598 cf.
758 3564 796 3599 vs.
868 3548 881 3599 A
978 3584 984 3597 .
1014 3547 1054 3597 ab.
1073 3548 1134 3608 ult,
1159 3560 1279 3595 summurn

234 3586 241 3612 ,
479 3546 504 3613 7,
520 3546 596 3620 3671
664 3546 682 3599 3
815 3545 892 3615 8941
925 3544 1014 3599 4761

97 3615 250 3685 discrimen}
283 3613 344 3665 477.
361 3631 388 3667 ν.
406 3614 431 3677 2,
449 3615 509 3670 319.
527 3618 644 3669 Ceterum
661 3617 693 3668 cf.
711 3618 781 3667 Hom.
800 3617 828 3668 ll.
847 3612 1014 3683 6,!2692qq.1
1036 3610 1106 3695 47⁸8.
1124 3626 1149 3694 v:
1169 3610 1193 3677 7,
1206 3610 1279 3695 2841

96 3680 354 3823 ffiellfflfflm
375 3793 380 3802 .
400 3681 754 3819 llldllz’tldlaill·
773 3683 1281 3815 ltl'letfllfabffltllltltl

97 3825 218 3875 thoracas
238 3828 291 3872 turn
310 3823 536 3888 praestantissimos
554 3824 577 3873 in
596 3823 670 3874 ltalia
687 3824 786 3872 habitos
803 3837 857 3873 esse
875 3828 947 3888 poeta
966 3822 1065 3872 vidntur
1082 3820 1239 3899 significare,
1251 3826 1280 3870 nt

100 3891 180 3942 Attici
197 3890 221 3939 in
240 3888 347 4011 (inoffi
364 3892 474 4011 ingenuis
490 3892 684 3958 laudabantur]
718 3888 778 3943 490.
796 3906 906 3954 aurare,
931 3890 966 3939 ita
984 3888 1114 3953 fulgebant
1131 3903 1200 3939 arma
1219 3904 1282 3951 crus,

97 3967 214 4093 99033331
214 3958 308 4077 mbc!stis
330 3999 496 4091 adventum;“
518 4038 544 4081 ct
567 4045 591 4080 v.
615 4044 654 4079 vs.
673 4025 729 4096 184
763 4025 814 4078 492
832 4043 885 4093 sqq.
908 4027 939 4077 cf.
957 4028 1026 4078 llonr.
1044 4024 1072 4075 ll
1095 4021 1121 4089 6,
1143 4022 1195 4078 506
1212 4019 1280 4103 sqq!

97 4093 159 4147 494.
175 4095 237 4173 '²4¹⁶’
261 4109 285 4145 v.
313 4094 342 4145 G.
360 4094 385 4160 2,
402 4094 461 4149 435.
517 4096 577 4150 496.
598 4098 689 4161 lungae
713 4096 765 4149 alte
790 4096 926 4163 arrectis}
960 4092 1019 4147 497.
1042 4093 1127 4158 Luc„
1150 4094 1279 4157 faramans,

98 4162 224 4214 κυδιοων
241 4164 312 4243 llam
331 4163 348 4213 l.
366 4164 399 4230 ll
487 4168 604 4231 Alasit,
626 4166 730 4217 Servius
754 4166 817 4228 „boc
838 4164 871 4215 nd
895 4167 1010 4217 bonorem
1028 4162 1106 4243 Turni
1129 4159 1278 4239 refertae-“l

99 4228 160 4284 504.
197 4238 296 4283 remitto
308 4236 336 4283 et*
345 4232 461 4284 Troianis
473 4236 596 4301 equitibus
613 4236 688 4286 solu
707 4248 846 4295 occurrere,
864 4239 888 4284 et
905 4232 974 4285 aula
993 4232 1066 4283 obvia
1079 4246 1116 4281 rra
1126 4230 1278 4298 Tyrrhenrst

98 4316 125 4353 ν.
138 4297 164 4365 6,
176 4248 227 4354 716
239 4307 265 4350 ct
275 4297 300 4364 2,
311 4296 387 4364 4324
419 4297 479 4352 506.
497 4306 571 4369 pedes
589 4320 643 4356 cunr
661 4300 797 4377 peditatu}
831 4298 891 4353 507.
909 4301 991 4354 oculor
1001 4302 1090 4367 fieus,
1108 4305 1136 4348 nt
1153 4312 1191 4347 va.
1203 4290 1281 4363 4301
1382 4338 1384 4344 .

153 4388 261 4435 Vmum.
274 4399 351 4436 cm.
1039 4379 1073 4433 97

403 3977 446 4010 aa.
470 3977 508 4025 a,
532 3976 557 4011 v.
575 3958 600 4023 2,
617 3957 677 4012 386.
694 3988 729 3997 -
746 3974 790 4026 apo
805 3974 891 4025 praem
909 3960 945 4021 5.,
969 3957 1071 4011 Servius
1089 3964 1187 4025 „pute
1205 3972 1279 4023 prac-
