2942 4975
187 318 252 389 290
557 318 591 383 Ρ.
612 316 777 425 vmsmi
798 314 988 383 MARONIS
1044 418 1053 435 ι

272 506 413 589 Adiungi
435 521 588 588 generum
607 504 689 569 miro
710 503 905 586 properabat
925 522 1047 584 amore3

272 592 337 657 Sed
359 589 454 657 variis
476 593 628 673 portenta
648 590 744 654 deum
767 590 943 655 terroribus
965 590 1104 657 obstant.

272 678 397 743 Lamus
420 681 491 742 erat
512 674 592 741 tecti
613 675 719 739 medio
741 675 775 739 in
797 674 1016 757 penetralibus
1038 677 1121 757 altis,

208 761 251 829 60
271 762 371 829 Sacra
392 780 527 840 comam,
548 760 731 842 multosque
752 765 841 826 metu
862 765 990 826 servata
1011 780 1070 844 per
1092 780 1201 843 annos,

271 848 375 925 Quam
396 852 490 930 pater
511 847 685 925 inventam,
707 846 826 929 primas
849 864 920 911 cum
943 847 1097 913 conderet
1118 864 1218 930 arces,

271 934 345 1016 Ipse
367 930 533 1009 ferebatur
553 930 683 996 Phoebo
705 948 850 997 sacrasse
871 930 1014 1011 Latinus,
1087 935 1092 943 '

271 1018 507 1099 Laurentisque
528 1017 569 1082 ab
592 1034 631 1081 ea
650 1034 768 1082 nomen
790 1017 934 1099 posuisse
958 1018 1086 1083 colonis.

270 1103 374 1169 Huius
396 1121 473 1185 apes
494 1120 652 1167 summum
672 1102 791 1167 densae
813 1138 855 1149 -
871 1102 1022 1168 'rnirabile
1044 1104 1133 1169 dictu
1154 1138 1197 1153 -·-

207 1187 251 1257 66
271 1188 417 1255 Stridore
438 1187 562 1269 ingenti
582 1186 738 1269 liquidum
760 1192 850 1252 trans
872 1188 1006 1253 aethera
1026 1181 1147 1269 v'ectae,

272 1274 438 1364 obsedere
460 1273 598 1356 apicem,
620 1278 654 1337 et
675 1272 811 1355 pedibus
832 1291 891 1355 per
912 1278 1025 1339 mutua
1045 1273 1134 1339 nexis

270 1359 414 1424 Examen
436 1358 576 1425 subitum
597 1376 686 1423 ramo
709 1357 880 1423 frondente
902 1359 1064 1441 pependit

271 1443 430 1511 conanuo
452 1448 555 1524 vates,
577 1444 755 1509 Externum
778 1444 949 1523 cernimus,
970 1444 1083 1526 inquit,

269 1530 453 1596 Adventare
474 1530 592 1608 virum,
615 1534 649 1595 et
670 1529 771 1611 partis
793 1534 904 1611 petere
926 1548 1041 1611 agmen
1063 1530 1192 1596 easdem

91 1675 97 1688 ,
207 1612 250 1677 70
270 1615 419 1680 Partibus
442 1633 480 1680 ex
501 1615 616 1694 mdem,
638 1619 672 1679 et
694 1632 819 1680 summa
841 1614 1035 1680 dominarier
1055 1634 1138 1681 arce

149 1747 157 1764 .
270 1701 458 1779 Praeterea,
481 1700 577 1765 castis
599 1699 710 1765 adolet
731 1700 807 1764 dum
829 1700 945 1765 altaria
965 1701 1069 1765 taedis

269 1785 313 1851 m
334 1785 426 1850 iuxta
446 1785 625 1867 genitorem
647 1785 755 1849 adstat
776 1785 909 1851 Lavinia
930 1785 1029 1867 virgo,

269 1870 360 1949 Visa,
382 1868 484 1949 nefas,
505 1869 611 1951 longis
634 1870 852 1952 conprendere
876 1870 1014 1937 crinibus
1036 1872 1152 1954 ignem,

269 1956 377 2036 Atque
399 1973 527 2020 omnem
549 1959 697 2021 ornatum
719 1954 846 2021 flamma
868 1957 1046 2038 crepitante
1070 1958 1212 2037 cremari,

206 2038 248 2104 75
270 2040 462 2122 Regaliaque
484 2037 619 2106 decanea
641 2059 761 2120 comas,
784 2059 919 2108 accensa
940 2060 1099 2123 coronam,

179 2119 188 2136 '
269 2125 431 2208 Insignem
454 2127 599 2209 gemmis3
623 2131 692 2191 tum
713 2125 834 2191 lumida
855 2126 975 2193 lumine
997 2126 1083 2193 fulvo

270 2211 395 2277 involvi
415 2230 453 2277 ac
475 2213 554 2277 totis
575 2212 752 2278 Volcanum
776 2230 927 2294 spargere
949 2213 1052 2278 tectis

269 2297 308 2362 Id
328 2314 405 2361 vero
427 2297 622 2363 horrendum
646 2316 683 2362 ac
704 2297 775 2363 visu
797 2297 942 2363 mirabile
963 2297 1055 2363 ferri:

269 2381 415 2464 Namque
436 2382 506 2449 fore
527 2383 696 2449 inlustrem
719 2381 804 2448 fame
825 2382 962 2464 fatisque
986 2383 1144 2451 canebant

106 2475 119 2493 ·
207 2463 250 2532 80
269 2468 390 2551 Ipsam,
412 2469 470 2534 sed
492 2469 610 2552 populo
632 2488 784 2551 magnum
806 2469 1000 2551 portendere
1021 2470 1149 2536 bellum.

269 2556 315 2620 At
333 2573 393 2619 rex
413 2555 570 2620 sollicitus
591 2555 744 2620 monstris
766 2554 896 2620 oracula
916 2554 1027 2634 Fauni,

268 2639 405 2705 Fatidici
426 2639 594 2721 genitoris,
617 2639 699 2718 adit,
720 2640 873 2722 lucosque
895 2640 953 2704 sub
976 2641 1043 2706 alta

270 2723 418 2789 Consulit
437 2725 599 2803 Albunea,
621 2743 788 2790 nemorum
810 2743 892 2807 quae
914 2745 1062 2791 maxuma
1083 2742 1174 2791 sacro

270 2809 376 2874 Fonte
397 2815 504 2889 sonat,
526 2828 718 2891 saevamque
742 2809 870 2876 exhalat
891 2829 991 2893 opaca
1013 2809 1188 2893 mephitim.

208 2891 250 2958 85
270 2894 354 2959 Hinc
376 2895 478 2960 Italae
501 2900 615 2977 gentes
637 2895 802 2977 omnisque
826 2895 980 2961 Oenotria
1001 2896 1099 2962 tellus

269 2979 308 3043 In
330 2979 434 3044 dubiis
456 2998 610 3062 responsa
631 2985 761 3062 petunt;
784 2981 845 3047 hnc
868 2982 953 3047 dona
974 2983 1123 3048 sacerdos

271 3063 350 3129 Cum
372 3065 449 3131 tulit
470 3071 504 3131 et
526 3083 691 3132 caesarum
713 3066 819 3132 ovium
841 3066 900 3131 sub
923 3071 1018 3132 nocte
1040 3065 1148 3134 silenti

108 3265 111 3270 ·
183 3251 311 3316 Oceanus,
332 3258 357 3303 et
378 3267 403 3303 s.
427 3249 528 3316 6,844.
546 3281 579 3292 -
599 3269 656 3320 reg.
675 3270 711 3317 e,
732 3254 824 3305 Amata
847 3257 937 3306 coniux
960 3249 1065 3317 Latini!
1098 3251 1140 3304 57.
1156 3267 1274 3321 proper„
1291 3251 1372 3302 valde

182 3321 315 3385 studebat,
337 3327 366 3372 ut
387 3336 426 3371 vs.
451 3318 527 3387 2644
561 3319 604 3373 59.
628 3327 691 3374 tecti
710 3322 792 3387 med,
814 3339 839 3374 v.
857 3319 883 3387 4,
905 3321 957 3374 494
979 3331 1006 3374 et
1022 3322 1053 3374 el.
1074 3321 1167 3374 Tibull.
1183 3318 1210 3385 3,
1227 3318 1253 3384 3,
1272 3319 1314 3373 15.
1334 3347 1369 3358 —

182 3394 282 3458 panstr.
294 3390 365 3455 alba,
384 3405 448 3455 quae
459 3391 519 3465 al*
531 3390 668 3456 parietibus
679 3391 776 3442 inclusa
788 3395 866 3454 sunt!
901 3389 943 3442 60.
960 3393 1047 3444 Sacra
1059 3407 1089 3454 c.,
1106 3406 1167 3454 ergo
1179 3389 1279 3442 intactis
1298 3387 1371 3439 fruu-

183 3457 279 3520 dibus!
314 3453 356 3509 61.
373 3473 413 3525 pr.
428 3475 448 3508 c.
461 3475 481 3508 c.
494 3474 529 3521 α,
548 3461 719 3527 cumprimum
731 3474 812 3510 arcem
832 3459 1011 3527 (Laurentum)
1030 3459 1153 3523 conderet,
1171 3473 1196 3508 v.
1210 3455 1240 3509 G.
1254 3453 1353 3518 3‚130.

183 3524 389 3580 tib-Laurentia
405 3526 522 3577 Accusat
540 3525 619 3591 Plur,
636 3543 661 3578 v.
679 3527 709 3578 G.
729 3527 754 3590 1,
772 3524 831 3578 137.
843 3556 877 3565 -
889 3533 915 3578 ct
931 3531 963 3579 ut
981 3544 1020 3592 aa,
1039 3535 1064 3579 et
1081 3541 1097 3576 a
1114 3541 1176 3593 qus;
1196 3525 1246 3577 Cic.
1263 3525 1337 3576 Orat.

246 3596 297 3646 cies
314 3595 503 3662 pulchritudiuis
522 3598 614 3648 eximis
631 3598 761 3662 quaedum,
779 3612 872 3662 quam
889 3597 987 3648 intuens
1004 3599 1036 3647 in
1052 3611 1154 3660 coque
1170 3593 1284 3645 dsflxus“
1303 3589 1372 3662 est}

219 3666 374 3725 amm,
395 3665 422 3714 id
446 3664 525 3729 quod,
547 3666 655 3727 mulsae
675 3667 700 3715 in
722 3679 751 3714 re
774 3666 851 3728 mira,
874 3672 974 3731 repente
992 3669 1138 3730 repraeter
1155 3663 1370 3729 asmantiam

184 3730 281 3780 suddit
297 3758 332 3769 —
349 3731 418 3783 Uva
440 3733 473 3782 ab
496 3735 584 3799 apibus
606 3731 674 3784 iacta
696 3733 776 3784 dirum
799 3739 923 3784 ostentum
947 3733 1121 3795 existimatur,
1144 3729 1206 3782 Plin.
1223 3731 1256 3782 Ν.
1273 3729 1304 3780 ll.
1325 3727 1369 3792 ll,

184 3795 227 3861 18,
240 3794 283 3861 57),
299 3800 461 3866 similiterque
479 3816 584 3852 exaneu
601 3815 675 3868 apum
692 3803 717 3853 in
735 3801 790 3851 loro
808 3803 889 3852 visum
906 3802 1012 3852 hostium
1031 3800 1163 3850 adventum
1181 3795 1309 3865 portendit
1327 3812 1369 3866 sp.

182 3865 239 3918 laiv-
257 3863 300 3929 24,
316 3865 374 3931 lut
410 3866 452 3920 69.
466 3875 537 3936 part
554 3871 673 3934 easdem,
697 3871 785 3921 urbem
802 3885 832 3919 ac
849 3870 943 3934 regiam
960 3869 1050 3920 Latini.
1101 3865 1142 3920 70.
1159 3867 1234 3918 Part.
1254 3883 1290 3917 sce
1307 3867 1370 3932 iad,

183 3949 201 3985 a
217 3935 331 4000 ”rubus
350 3937 427 3986 masis
444 3935 537 4006 inlesi!
571 3936 612 3991 71.
631 3943 696 3990 cast.
715 3939 784 3989 tacd.
796 3933 864 3989 'Plia
882 3938 915 3990 N.
933 3938 962 3989 H.
982 3934 1050 4000 16,1
1070 3933 1124 4000 ,44
1141 3936 1243 4000 „tasda,
1261 3935 1369 3986 dammis

185 4003 318 4055 uolumini
334 4017 462 4055 meremur
480 4009 581 4069 gruta.“
599 4035 633 4045 —
650 4007 736 4058 addet
759 4007 867 4070 genitor,
889 4004 1027 4124 Latinus&
1055 4001 1096 4058 74.
1119 4009 1244 4056 mmm
1309 4005 1367 4066 itis;

165 4077 212 4122 'st
231 4085 257 4121 v.
276 4068 394 4142 1,713.Ι
431 4069 472 4124 76
496 4089 523 4125 v.
540 4075 570 4126 E.
586 4072 618 4139 4,
635 4074 674 4143 61
710 4073 751 4127 77.
777 4078 864 4138 aare,
885 4089 910 4126 v.
927 4073 958 4137 2,
976 4071 1008 4125 61
1041 4079 1049 4140 Ι
1084 4069 1126 4132 78.
1150 4089 1175 4124 v.
1193 4071 1223 4122 G.
1242 4069 1272 4134 2,
1327 4067 1370 4154 L}

185 4135 220 4192 83
231 4153 269 4206 sq.
286 4138 407 4191 Altusraa
425 4141 491 4192 silva
509 4157 564 4193 cum
576 4141 644 4194 iente
656 4157 736 4209 aquae
754 4141 881 4194 sulfureas
900 4143 971 4194 hodie
982 4147 1075 4208 Aequo
1086 4141 1218 4207 rovorata
1229 4139 1255 4190 d'
1267 4141 1369 4193 Alton

185 4209 252 4260 dicto
288 4208 345 4260 buis
361 4208 442 4259 silvae
459 4211 483 4260 in
506 4211 631 4263 montibu
654 4214 719 4263 sitae
754 4212 837 4276 altae,
860 4211 1006 4262 sublucebat
1022 4210 1093 4263 lucus
1110 4211 1159 4261 iste
1174 4207 1260 4260 Fauno
1278 4221 1369 4270 sacen

184 4226 364 4342 effigit).-
374 4291 462 4346 opaca
479 4292 545 4344 quus
560 4285 659 4344 epacm,
676 4286 705 4331 ut
716 4248 743 4344 6,
754 4275 806 4332 673
822 4280 902 4344 „luen
918 4279 1060 4332 lalitsrrms
1078 4277 1191 4344 opaeis;“
1209 4292 1254 4358 nea
1265 4283 1369 4343 praeter

187 4347 307 4400 ranam
322 4347 446 4400 enectum
467 4360 524 4400 assa
541 4347 587 4398 tae
602 4348 726 4415 spittm
742 4348 816 4400 dccet
825 4348 930 4400 Ser-vim
947 4349 1117 4416 „sssquriu'sm
1126 4347 1158 4398 da
1170 4360 1241 4412 aqua
1253 4347 1369 4398 unricus
