2942 4975
445 302 694 370 GEORGICON
720 304 802 369 LIB.
823 305 865 369 II.

154 492 229 557 Tale
252 489 344 556 dabit
366 490 541 572 specimen:
564 491 613 555 Tu
635 489 738 571 spisso
758 490 876 557 vimine
897 493 1009 575 qualos

153 576 291 658 Solaque
313 576 477 658 prelorum
499 575 631 641 fumosis
654 575 765 658 deripe
787 576 896 657 tectis3

151 662 218 727 Huc
241 680 321 743 ager
339 661 396 725 ille
417 660 520 725 malus
542 662 716 742 dulcesque
740 680 759 725 a
779 660 922 727 fonbbus
942 664 1048 731 undae

149 748 197 812 Ad
218 747 352 828 plenum
374 747 553 826 calcentur,
576 764 658 827 aqua
680 746 876 811 eluctabitur
897 748 999 815 omnis

79 832 131 897 246
151 832 289 911 Scilicet,
314 836 349 897 et
369 832 506 913 grandes
527 830 629 895 ibunt'
641 850 700 913 per
721 830 840 896 vimina
861 837 988 914 guttae;

149 919 191 982 At
210 936 309 999 sapor
330 917 484 982 indicium
505 915 615 996 faciet,
637 914 827 981 manifestus
850 923 884 982 et
905 936 962 983 ora

150 1003 265 1069 Tristia
287 1006 504 1085 temptantum
526 1020 622 1067 sensu
644 1002 810 1083 torquebit
831 1021 963 1068 amaror.

149 1089 277 1170 Pinguis
300 1087 380 1153 item
402 1106 485 1169 quae
507 1088 551 1152 sit
571 1088 680 1167 tellus,
703 1086 764 1151 hoc
786 1087 926 1169 denique
946 1093 1041 1171 pacto

148 1173 320 1238 Discimus:
343 1172 428 1238 haud
451 1191 602 1254 umquam
623 1171 769 1237 manibus
792 1172 913 1238 iactata
933 1174 1062 1253 fatiscit,

80 1258 131 1323 266
150 1258 210 1324 Sed
230 1258 314 1342 picis
336 1258 369 1321 in
393 1277 515 1323 morem
537 1259 578 1323 ad
601 1258 719 1339 digitos
741 1257 892 1323 lentescit
913 1259 1068 1325 habendo.

148 1344 287 1409 Humida
309 1344 446 1409 maiores
469 1344 585 1409 herbas
607 1343 678 1423 alit,
699 1342 834 1425 ipseque
853 1344 939 1409 iusto

148 1430 285 1494 Laetior.
329 1428 380 1493 Ah
402 1429 535 1493 nimium
557 1446 599 1493 ne
620 1428 661 1493 sit
683 1427 760 1491 mihi
781 1426 897 1493 fertilis
914 1429 983 1509 illa,

148 1514 216 1579 Neu
238 1533 275 1579 se
298 1514 515 1596 praevalidam
537 1514 647 1595 primis
670 1513 821 1579 ostendat
843 1514 964 1581 aristist

149 1600 233 1677 Quae
256 1600 364 1682 mavis
387 1604 448 1678 est,
470 1600 539 1681 ipso
563 1598 694 1663 tacitam
717 1617 752 1663 se
773 1600 917 1680 pondere
938 1600 1056 1682 prodit

80 1682 129 1751 265
148 1685 298 1768 Quaeque
321 1684 409 1749 levis.
453 1686 642 1765 Promptum
669 1688 719 1749 est
741 1684 841 1749 oculis
863 1685 1067 1766 praediscere
1087 1685 1221 1767 nigram,

147 1771 187 1835 Et
208 1771 280 1853 quis
306 1770 356 1835 cui
379 1770 473 1836 color.
517 1769 563 1834 At
584 1770 775 1833 sceleratum
799 1770 967 1851 exquirere
988 1769 1090 1853 frigus

147 1854 282 1921 Difficile
308 1860 372 1921 est:
393 1856 503 1936 piceae
524 1860 652 1919 tantum
674 1854 806 1936 taxique
827 1859 982 1921 nocentes

132 1940 313 2006 ‘Interdum
335 1945 393 2005 aut
413 1940 552 2006 hederae
575 1941 721 2022 pandunt
741 1940 878 2022 vestigia
899 1940 1019 2022 nigrae.

225 2027 286 2092 His
312 2026 553 2104 animadversis,
576 2029 696 2091 terram
720 2026 822 2090 multo
845 2031 921 2091 ante
943 2032 1105 2093 memento

81 2107 130 2174 266
148 2111 334 2194 Excoquere
358 2115 391 2175 et
412 2130 546 2193 magnos
569 2110 733 2175 scrobibus
757 2111 925 2175 concidere
947 2112 1074 2192 montis,

126 2198 229 2262 «Ante
252 2197 419 2279 supinatas
442 2196 583 2277 aquiloni
606 2196 777 2261 ostendere
799 2197 938 2277 glaebas,

149 2281 246 2358 Quam
268 2284 392 2347 laetum
413 2281 549 2347 infodias
571 2282 645 2346 vitis
668 2298 778 2363 genus
822 2280 962 2363 Optuma
981 2282 1069 2364 putri

149 2368 230 2432 Arra
253 2368 338 2433 solo:
360 2368 393 2431 id
415 2368 504 2431 venti
527 2371 640 2431 emant
661 2366 849 2447 gelidaeque
871 2365 1004 2448 pruinae

148 2452 187 2518 Et
207 2451 372 2520 labefacta
393 2470 525 2518 movens
546 2452 696 2518 robustus
718 2451 831 2534 iugera
852 2450 963 2517 fossor.

81 2534 130 2600 266
148 2539 204 2618 Ac,
225 2540 252 2604 si
276 2558 358 2620 quos
380 2538 465 2604 haud
487 2539 554 2622 ulla
575 2539 660 2602 viros
682 2537 851 2619 uigilantia
871 2537 962 2619 fugit,

147 2624 227 2690 Ante
249 2625 359 2690 locum
381 2624 518 2689 similem
541 2624 723 2704 exquirunt,
746 2623 801 2687 ubi
822 2624 926 2704 prima
947 2628 1079 2705 paretur

79 2826 128 2876 vites
144 2829 165 2878 in
181 2845 210 2880 en
227 2827 349 2898 positae}
383 2827 434 2880 241
452 2845 489 2895 sq.
514 2828 605 2946 gualos
623 2829 736 2894 colaque,
760 2829 777 2878 i.
796 2845 818 2878 e.
841 2829 948 2879 viminea
974 2828 1042 2891 cola,
1066 2829 1179 2878 crebrum
1203 2834 1242 2880 ast

79 2893 272 2962 hocllperegesis
291 2913 376 2962 genus,
395 2895 464 2960 ut3,
484 2896 516 2949 19
550 2903 665 2961 „segetes
683 2899 750 2948 altae
768 2899 896 2963 campique
912 2898 1053 2958 natantes,“
1072 2898 1088 2947 i.
1104 2913 1125 2948 e.
1144 2903 1241 2961 segetes
1268 2932 1270 2939 .

79 2963 131 3014 altae
141 2974 208 3016 aranu
221 2973 315 3018 motae.
341 2968 371 3016 A.
385 2964 408 3028 1,
420 2963 472 3016 268
489 2966 592 3028 „urbem
610 2972 635 3015 et
669 2966 775 3016 comissa
786 2965 875 3017 Lavini
886 2967 1007 3028 moenia,“
1024 2966 1074 3016 16.
1092 2967 1241 3032 promissam

78 3027 157 3083 Lavmii
173 3035 271 3098 nrhcm3
293 3034 323 3084 cf.
341 3036 416 3086 etiam
434 3036 464 3084 A.
482 3033 507 3097 2,
526 3031 583 3084 722.
602 3031 625 3097 7,
638 2982 696 3085 629.
710 3031 785 3101 804.Ι
819 3031 878 3085 242.
897 3034 1016 3084 Sciebant
1032 3034 1152 3084 eiusmodi
1168 3049 1240 3098 vasa,

78 3114 102 3148 ne
115 3115 128 3150 a
142 3103 262 3154 semibus
282 3109 327 3153 aut
345 3105 446 3172 humore
464 3103 629 3166 laederentur,
648 3104 671 3152 in
689 3103 771 3153 culina
787 3100 925 3171 suspendi}
959 3098 1018 3152 243.
1037 3104 1126 3154 undae
1144 3117 1161 3152 a
1172 3103 1242 3167 Jon-

78 3169 134 3218 bbus
156 3186 186 3220 sc.
204 3174 311 3238 petitae3
339 3187 363 3221 v.
382 3171 411 3221 E.
431 3169 455 3234 1,
472 3169 497 3222 8.
521 3199 555 3206 -—
579 3171 790 3234 Huc-calcentur,
813 3172 830 3220 i.
848 3187 870 3221 c.
889 3173 936 3220 hnc
952 3170 1197 3235 infundantur
1215 3177 1240 3220 et

78 3236 194 3303 calcentur,
219 3257 244 3290 v.
263 3239 290 3304 4,
309 3235 366 3307 821
400 3235 460 3289 244.
479 3240 526 3290 Ad
538 3240 582 3306 pt,
606 3240 637 3288 ad
661 3254 790 3300 summurn,
814 3247 843 3290 ut
866 3240 946 3290 colum
969 3239 1064 3305 plenum
1088 3237 1145 3308 sit!
1179 3235 1239 3290 247.

79 3307 156 3372 campa,
179 3316 331 3372 gustantum.
355 3337 388 3346 -
412 3308 485 3372 iunge
502 3309 632 3373 torquebit
648 3324 746 3370 166116,
768 3307 843 3358 anr.
861 3305 885 3370 2,
904 3306 955 3359 398
971 3323 1025 3373 sqq.
1049 3308 1120 3371 „lluc
1136 3307 1240 3371 accedit,

78 3372 106 3420 ati
119 3375 191 3426 mellis
208 3377 330 3442 lactisque
348 3377 457 3441 liquores
475 3376 583 3427 Iucunda
609 3390 682 3426 sensu
705 3376 804 3440 linguae
820 3380 961 3426 tractentur
977 3377 1000 3426 in
1019 3392 1076 3438 ore3
1100 3380 1134 3426 At
1152 3380 1240 3425 contra

78 3443 145 3492 taetra
169 3445 276 3496 absinthi
299 3451 390 3495 natura
414 3443 508 3510 serique
527 3444 643 3495 Centauri
667 3443 739 3495 foedo
761 3450 922 3511 pertorquent
944 3460 989 3496 ora
1013 3441 1157 3561 saporam
1179 3439 1239 3495 249.

78 3521 133 3559 mon.
149 3515 173 3575 ιζ,
198 3515 320 3564 demanu
338 3515 361 3564 in
379 3511 614 3578 manumissam!
648 3511 850 3574 2661666666,
876 3515 933 3562 dum
956 3515 1010 3578 quis
1033 3527 1088 3562 eam
1108 3513 1141 3562 ha
1158 3518 1191 3575 ct,
1218 3526 1239 3562 a.

76 3579 161 3643 uacat,
177 3596 201 3631 v.
213 3586 244 3633 A.
258 3579 283 3645 2,
297 3579 337 3650 6.Ι
371 3577 430 3632 251.
448 3585 514 3648 ipsa,
531 3584 546 3632 i.
560 3598 580 3632 e.
599 3596 645 3631 sua
662 3583 696 3644 vi,
713 3599 761 3633 non
779 3587 823 3631 aut
841 3587 952 3631 stercore
968 3581 1097 3644 roborata,
1116 3586 1160 3631 ant
1177 3579 1239 3630 rivis

78 3641 184 3717 bigam!
217 3648 279 3702 252.
298 3649 410 3712 Laetabr,
435 3651 551 3700 laetiores
573 3651 674 3714 gignens
697 3652 795 3700 herhas.
818 3678 853 3685 —-
875 3651 941 3699 666161·
962 3648 1094 3698 sollicitum
1117 3647 1239 3712 signifieat

79 3714 173 3790 {nimum
190 3734 214 3768 v.
232 3719 261 3769 E.
274 3715 299 3780 8,
312 3715 362 3837 bk
384 3713 444 3788 253.
463 3715 618 3787 61.1,111.Ι
652 3715 710 3768 254.
730 3722 848 3782 tacitam,
866 3719 938 3785 quasi
955 3718 1038 3780 tacite,
1056 3718 1104 3768 i.e.
1123 3734 1170 3768 non
1189 3718 1238 3769 alio

79 3782 295 3856 omophorium!
328 3784 388 3836 26.
406 3803 450 3852 qu.
466 3791 519 3849 cua',
538 3781 616 3842 ὅστις
630 3789 694 3848 τινί,
713 3803 759 3837 non
778 3788 821 3840 τίς
832 3788 895 3838 τίνι.
916 3785 1056 3836 Communis
1072 3803 1133 3837 usus
1152 3791 1239 3853 postu·

79 3845 130 3898 leret
144 3851 315 3920 qaiaede‘que.
334 3855 723 3918 -rcelerotunt,noxium,v.
744 3851 859 3923 61521
892 3850 1140 3905 2516111113.
1176 3853 1238 3905 Plin.

80 3913 104 3986 11.
123 3919 148 3969 H.
172 3920 210 3985 16,
241 3921 277 3974 20
305 3924 411 3987 „Tarus
433 3925 507 3974 noxio
532 3923 628 3985 fruetu3
657 3924 732 3974 letale
754 3924 843 3988 quippe
866 3923 946 3986 bacis,
976 3924 1000 3974 in
1023 3923 1143 3990 Hispania
1164 3937 1237 3990 prae-

80 3983 141 4049 6116,
157 4006 271 4043 venerium
284 3990 403 4061 inest.“u
436 3991 476 4043 V.v
488 3993 633 4043 Bruttium
645 3993 801 4043 roborans.
814 3987 959 4043 259-419.
981 3993 1138 4044 inseruntur
1151 3997 1238 4042 tumen

81 4050 188 4108 61661666
206 4064 287 4110 ctiam
301 4059 441 4128 praecepto
459 4061 586 4126 quaedam
604 4058 640 4110 ud
656 4076 732 4110 ornae
747 4077 833 4125 genus
846 4062 969 4110 arborum
981 4055 1148 4128 spectantia}
1178 4057 1237 4110 259.

81 4122 148 4173 mutto
163 4132 232 4190 ante,
257 4145 292 4179 ac.
310 4143 383 4194 quam
402 4144 473 4180 seras
497 4122 643 4196 quidpiam}
679 4125 739 4180 260.
756 4128 885 4194 uacoqa,
909 4125 1112 4192 661,64-66.
1137 4157 1169 4165 -
1192 4143 1238 4194 per

81 4192 144 4240 totum
160 4196 254 4260 collem,
273 4212 342 4262 quern
360 4199 453 4248 vitibus
472 4213 601 4248 conserere
618 4199 702 4260 voles,
721 4205 826 4263 quantus
844 4203 941 4262 pateat,
962 4199 1063 4248 crebros
1081 4197 1181 4247 serobes
1198 4194 1237 4244 fa·
1310 4218 1315 4225 «

84 4255 161 4310 satos
171 4265 287 4330 praecipit
298 4263 398 4386 poeta}
429 4263 488 4317 261.
506 4269 584 4346 Ante,
597 4273 694 4333 repetes
707 4283 720 4316 e
732 4282 772 4316 vs.
784 4263 836 4317 269
852 4263 957 4330 multa!
993 4263 1052 4317 263.
1070 4266 1129 4326 solo,
1147 4263 1236 4344 tertius

83 4337 141 4377 neus
156 4345 184 4380 an
200 4335 301 4384 sextust
319 4363 352 4372 -
370 4337 381 4384 a·
410 4337 514 4396 curant,
533 4333 633 4400 inerunt,
650 4341 678 4385 ut
690 4341 764 4400 putre
774 4335 830 4396 liat,
848 4329 989 4400 61.1,48.Ι
1024 4328 1168 4385 265-268.
1187 4329 1257 4396 Quis
