2942 4975
468 267 682 336 AENEIDOS
705 270 785 338 LIB.
807 271 847 336 11.
1185 273 1250 340 169

231 455 382 525 Forsitan
405 460 451 536 et,
473 454 590 526 Priami
612 453 732 523 fuerint
754 475 837 540 quae
858 456 939 538 fata,
965 460 1118 542 requiras.

154 542 246 610 Urbis
269 541 318 608 uti
341 545 453 624 captae
477 558 584 608 casum
608 542 821 624 convolsaque
843 543 924 610 vidit

153 629 277 696 Limina
298 633 459 696 tectorum
482 631 515 692 et
536 625 675 693 medium
698 625 731 692 in
753 628 973 712 penetralibus
994 629 1128 710 bostem,

153 715 248 782 Arma
272 713 327 780 diu
349 711 456 780 serior
479 711 612 778 desueta
634 711 846 779 trementibus
868 732 946 780 aevo

76 799 133 864 610
153 799 337 866 Circumdat
356 797 550 880 nequiquam
573 795 727 876 humeris,
751 801 785 864 et
805 798 918 865 inutile
940 798 1060 866 ferrum

153 884 312 968 Cingitur,
335 902 372 952 ac
395 881 511 950 densos
534 881 638 950 fertur
661 881 835 950 moriturus
856 883 890 948 in
912 883 1022 950 hostis

151 968 292 1038 Aedibus
315 969 348 1034 in
370 967 482 1034 mediis
505 968 655 1050 nudoque
678 967 738 1034 sub
760 967 901 1036 aetheris
923 987 981 1035 axe

150 1056 267 1138 Ingens
290 1072 348 1121 ara
369 1051 431 1120 fuit
452 1051 605 1135 iuxtaque
627 1052 800 1120 veterrima
820 1055 939 1133 laurus,

150 1139 343 1207 incumbens
366 1155 439 1205 arae
462 1143 560 1221 atque
583 1137 697 1204 umbra
719 1139 874 1221 conplexa
895 1138 1035 1206 Penatis.

76 1223 132 1290 516
151 1225 208 1292 Hic
231 1223 368 1292 Hecuba
389 1230 423 1290 et
444 1227 540 1290 natue
561 1222 755 1307 nequiquam
776 1223 891 1290 altaria
912 1225 1041 1304 circum,

149 1310 348 1394 Praecipites
370 1312 440 1376 atra
463 1327 521 1376 ceu
544 1313 739 1392 tempestate
764 1308 937 1390 columbae,

154 1395 343 1462 Condensae
367 1398 400 1462 et
422 1394 527 1460 duom
549 1394 714 1478 amplexae
737 1394 906 1460 simulacra
930 1394 1094 1461 sedebant

150 1481 259 1634 {psum
283 1483 391 1548 autem
414 1479 549 1562 sumptis
571 1479 736 1546 Priamum
754 1479 954 1546 iuvenalibus
976 1481 1074 1546 armis

179 1571 194 1632 t
215 1565 312 1646 vidit,
335 1565 423 1646 Quae
446 1582 535 1631 inens
558 1567 622 1631 tam
647 1564 730 1644 dira,
750 1565 926 1630 miserrime
949 1565 1095 1646 coniunx,

75 1649 131 1716 620
150 1651 273 1735 Inpulit
294 1651 344 1718 his
368 1651 450 1734 cingi
472 1649 568 1717 telis?
606 1654 663 1716 aut
685 1669 747 1731 quo
769 1650 856 1715 ruis?
893 1650 1004 1733 inquit

149 1735 220 1804 Non
244 1735 303 1804 tali
326 1736 442 1802 auxilio
465 1755 524 1804 nec
548 1733 770 1802 defensoribus
791 1735 861 1802 istis

150 1821 289 1906 Tempus
312 1825 399 1906 egat,
422 1840 501 1900 non,
524 1820 550 1886 si
572 1821 640 1904 ipsc
663 1839 753 1888 mous
775 1839 859 1886 nunc
882 1818 1008 1886 adforet
1029 1819 1160 1888 Hector.

148 1907 219 1974 Huc
242 1907 374 1974 tandem
396 1906 550 1984 concede;
573 1905 652 1972 haec
675 1925 731 1972 ara
754 1905 898 1972 tuebitur
918 1905 1029 1985 omnis,

148 1993 214 2060 Aut
235 1992 375 2058 moriare
397 1992 499 2058 simul.
543 1989 595 2058 Sic
618 2009 674 2056 ore
698 1989 796 2058 effata
816 1990 939 2074 recepit

73 2073 129 2142 626
149 2078 198 2145 Ad
220 2095 293 2144 sesa
315 2083 348 2144 et
370 2095 462 2144 sacra
483 2077 673 2158 longaevum
696 2076 727 2142 in
751 2075 828 2142 sedo
850 2075 974 2142 locavit

231 2163 316 2230 Ecce
339 2167 447 2230 autem
470 2162 596 2246 elapsus
618 2160 731 2244 Pyrrhi
755 2162 794 2227 de
817 2162 915 2228 caede
937 2161 1067 2240 Polites,

149 2247 240 2314 Unus
263 2253 411 2314 natorum
433 2247 565 2326 Priami,
586 2265 645 2330 per
667 2245 746 2325 tela,
768 2265 827 2330 per
848 2245 950 2312 bostis

149 2333 330 2400 Porticibus
352 2331 456 2414 longis
479 2331 575 2414 fugit,
598 2337 632 2398 et
653 2349 755 2398 vacua
776 2331 859 2398 atria
881 2333 998 2398 lustrat

114 2448 122 2458 -
148 2417 290 2487 Saucius.
335 2418 429 2485 Illum
452 2417 568 2487 arciens
590 2415 706 2484 infesto
729 2416 862 2483 volucre
883 2417 1024 2501 Pyrrhus

72 2502 129 2569 630
148 2504 347 2588 Insequitur,
369 2504 432 2571 iam
454 2504 580 2587 iamque
602 2521 699 2569 manu
721 2507 813 2569 tanet
835 2508 869 2569 et
890 2502 1008 2585 premit
1028 2500 1128 2567 hasta

149 2590 192 2657 Ut
215 2590 346 2657 tandem
369 2594 444 2657 anto
471 2588 581 2655 oculos
605 2587 706 2654 evasit
728 2594 762 2653 et
783 2606 841 2653 ora
861 2592 1039 2671 parentum,

148 2674 308 2755 Concidit,
332 2692 368 2741 ac
391 2674 492 2741 multo
515 2674 613 2741 vitam
637 2692 708 2739 cum
730 2672 884 2757 sanguine
906 2671 997 2738 fudit

147 2760 207 2827 Hic
230 2760 394 2838 Priamus,
416 2777 607 2844 quamquam
630 2757 662 2825 in
685 2759 791 2825 media
813 2758 876 2825 iam
898 2763 1003 2824 morte
1026 2760 1165 2838 tenetur,

147 2846 218 2912 Non
243 2850 352 2913 tamen
376 2844 543 2925 abstinuit,
566 2862 625 2909 noc
647 2842 717 2909 voci
739 2844 870 2928 iraeque
892 2843 1051 2927 pepercit:

70 2930 126 2997 616
146 2933 190 2997 at
211 2930 272 2999 tibi
295 2950 353 3015 pro
377 2930 513 3009 scelere,
537 2929 704 3009 exclamat,
732 2946 791 3013 pro
813 2928 931 2995 talibus
953 2927 1047 3009 ausis,
1227 2925 1279 3013 ‘3¹¹

146 3016 201 3097 Di,
225 3017 253 3083 si
276 3036 339 3099 qua
361 3021 412 3082 ast
434 3016 521 3082 coelo
543 3015 659 3099 pictas,
683 3032 764 3097 quae
787 3014 865 3081 talia
886 3018 986 3092 curet,

147 3102 339 3169 Persolvant
360 3104 468 3193 grates
491 3100 602 3184 dignas
626 3106 659 3167 ct
680 3100 823 3183 praemia
844 3099 982 3165 reddant

148 3187 279 3267 Debita,
303 3186 447 3270 quincti
470 3204 576 3253 coram
600 3204 650 3251 mc
673 3204 806 3253 cernere
828 3185 930 3251 letum

146 3272 267 3339 Fecisti
291 3276 325 3339 ct
346 3271 466 3355 patrios
488 3270 625 3339 foedasti
647 3270 761 3338 funcra
784 3270 897 3337 voltus.

1295 2898 1319 2952 Β..

72 3470 122 3527 606
140 3478 290 3545 quaejam,
308 3476 340 3528 cf.
352 3492 390 3528 re.
402 3472 474 3539 6641
509 3474 568 3529 oia.
585 3478 650 3529 Aed.
664 3479 689 3529 ab
702 3490 745 3539 rra,
764 3476 780 3527 i.
793 3493 814 3529 e.
832 3476 856 3527 in
868 3474 994 3543 impluvio,
1011 3472 1117 3539 undique
1134 3470 1166 3523 ab
1183 3471 1245 3539 ipsis

73 3544 167 3599 redibas
184 3547 280 3608 cincto,
304 3546 346 3597 ubi
365 3544 470 3597 Penates
488 3560 558 3598 aram
578 3545 700 3597 habebant
718 3545 782 3612 apud
800 3540 947 3611 Romanoa}
980 3538 1039 3593 614.
1064 3540 1142 3608 crept
1163 3554 1190 3593 ν.
1212 3538 1245 3592 G.

73 3610 92 3671 1,
108 3608 180 3687 1161
212 3612 273 3666 ott.
299 3615 405 3677 Prone„
428 3628 491 3679 quan
515 3614 641 3681 praediti
663 3613 751 3665 rotatu
774 3619 829 3664 tuta
868 3605 996 3681 abierunt!
1028 3606 1088 3661 611.
1111 3608 1245 3674 reddant,

72 3694 132 3735 nore
150 3700 180 3735 au
198 3684 303 3753 plicam,
327 3688 355 3735 ut
379 3630 810 3763 1616616066116116186111
838 3628 867 3731 61.
885 3678 949 3731 infin
966 3694 1005 3731 va.
1022 3675 1081 3730 614.
1108 3678 1158 3759 Alii
1175 3683 1245 3730 terre·
1345 3712 1352 3721 -

72 3747 149 3831 beat}
181 3700 420 3815 6166661666,
439 3748 563 3801 consitium
583 3750 793 3815 abominandum!
826 3746 886 3801 tal.
904 3748 1005 3813 dqserrr.
1024 3748 1099 3809 fatie,
1116 3748 1185 3806 taber
1209 3747 1245 3798 aio

72 3818 222 3883 sublicae,
242 3821 335 3871 truncia
352 3818 394 3871 vei
412 3818 516 3871 navibus
534 3818 565 3870 ad
577 3824 677 3937 fontem
689 3818 849 3885 rurrrpcodunr
867 3817 977 3869 devectis
988 3815 1122 3884 oppositae,
1141 3814 1244 3867 defea-

71 3900 156 3941 acrea
179 3888 289 3958 appellet
312 3888 407 3939 Caesar
430 3887 455 3939 B.
480 3886 509 3939 G.
532 3884 557 3949 4,
593 3884 608 3937 1
633 3892 678 3949 „ut
696 3923 715 3938 ..
735 3886 774 3937 bia
796 3884 966 3937 defensoribus
989 3899 1075 3937 earum
1097 3898 1180 3937 rerum
1205 3883 1246 3935 via

73 3951 261 4022 minueretur.“l
296 3954 526 4021 tetradoron,
551 3956 663 4022 proprie:
691 3954 778 4005 infesto
797 3955 854 4017 tufo,
879 3968 928 4020 qno
946 3970 1001 4005 cum
1018 3952 1144 4015 vulneret,
1168 3952 1200 4004 cf.
1221 3948 1244 4015 7,

70 4019 137 4093 6611
171 4022 231 4079 660.
247 4028 352 4093 prerrrr't,
372 4024 522 4091 percutit,
540 4028 568 4075 ut
586 4021 610 4085 9,
628 4019 702 4091 tto}
736 4020 795 4075 baa.
813 4023 879 4074 ared.
896 4027 997 4085 ocor-te,
1015 4022 1140 4089 praesenti
1156 4021 1244 4073 nortia

70 4092 197 4157 perierint
234 4090 293 4147 666.
312 4096 349 4145 Ar
363 4094 385 4143 b.
398 4092 415 4143 1.
434 4098 472 4143 eat
490 4108 543 4143 curn
555 4092 719 4157 indignatione
738 4091 906 4159 imprecabitur
928 4090 1030 4143 Terent.
1049 4090 1107 4141 fiee.
1127 4087 1149 4153 l,
1168 4086 1192 4152 2,
1210 4085 1244 4141 69

69 4168 113 4221 „et
129 4168 154 4213 te
172 4162 204 4215 dii
222 4162 332 4229 deaeque
351 4161 454 4229 perdant
466 4177 520 4213 cum
533 4166 575 4211 tuo
590 4161 652 4214 istoc
664 4155 760 4226 odtor‘t
795 4156 853 4211 666.
863 4162 958 4228 pietas,
970 4159 1065 4211 iustitia
1078 4166 1104 4211 et
1116 4164 1244 4225 respectus

71 4244 166 4295 corum,
192 4232 233 4297 qui
259 4230 357 4295 iodim
384 4230 524 4295 patiuntur,
550 4227 581 4280 cf.
599 4224 624 4291 4,
642 4225 718 4294 3861
757 4224 816 4279 669.
839 4228 876 4280 tie
899 4227 994 4280 funebri
1033 4226 1106 4287 offui,
1128 4224 1245 4277 incestari

71 4298 175 4351 beminen
193 4298 360 4367 putabantur,
383 4296 415 4349 cf.
433 4294 457 4361 t,
476 4296 547 4363 160.;
571 4299 674 4361 gravius
692 4296 766 4349 etiam
783 4297 887 4347 verbum
905 4244 1084 4363 eatsoorfore,
1109 4295 1178 4360 qnasi
1199 4292 1244 4343 ad·
