2942 4975
468 332 684 399 AENEIDOS
705 334 785 399 LIB.
807 336 849 401 11.

154 524 314 607 Quidquid
330 522 369 587 'id
392 526 455 601 est,
472 520 576 587 ‘timeo
599 522 727 587 Danaos
750 527 785 587 et
806 522 892 587 dona
912 522 1055 591 ferentis.

97 609 134 675 50
154 610 203 675 Sic
224 608 312 675 fatus
333 608 449 673 validis
471 607 636 689 ingentem
658 606 779 672 viribus
801 608 926 672 hastam

152 695 188 759 In
209 696 296 761 latus
318 692 499 775 inqucrieri
522 710 650 757 curvam
674 693 870 774 conpagibus
892 694 999 759 alvum

153 780 324 845 Gontorsit.
369 778 467 844 Stetit
488 777 546 842 illa
567 782 722 857 tremens,
745 782 902 860 uteroque
924 798 1053 845 recusso
1093 860 1096 867 Ι

153 866 330 930 Insonuere
353 880 450 929 cavae
472 864 690 945 gemitumque
712 863 833 928 dedere
857 883 1021 929 cavernae.

152 951 206 1030 Et,
229 952 257 1015 si
280 950 349 1015 iata
371 950 479 1027 deum,
503 950 530 1013 si
552 966 642 1013 mens
664 967 729 1012 non
752 949 844 1014 laeva
866 947 988 1028 inisset,

98 1036 134 1101 56
153 1036 320 1119 Inpulerat
342 1034 429 1100 terro
451 1034 618 1117 Argolicas
640 1032 772 1099 foedare
794 1034 943 1113 latebras,

125 1194 130 1207 ¹
153 1121 312 1203 Troiaque
335 1139 420 1185 nunc
443 1124 556 1199 staret,
578 1119 762 1200 Priamique
784 1139 841 1184 arx
863 1120 930 1184 alta
951 1139 1118 1186 maneres*

232 1206 333 1285 Ecce,
355 1224 467 1271 manus
490 1205 638 1269 iuvenem
660 1205 786 1270 interea
808 1211 882 1287 post
903 1212 998 1288 terga
1019 1207 1198 1271 revinctum

152 1291 304 1357 Pastores
326 1310 442 1373 magno
465 1292 505 1355 ad
527 1309 638 1371 regern
661 1291 801 1355 clamore
823 1291 997 1356 trahebant

152 1377 371 1456 Dardanidae,
394 1376 504 1458 quise
527 1376 673 1457 ignotum
695 1374 900 1441 venientibus
922 1376 1018 1456 ultro,

98 1461 134 1525 60
153 1462 221 1527 Hoc
244 1463 360 1545 ipsum·
373 1466 410 1526 ut
432 1466 574 1527 strueret
596 1460 787 1543 Troiamque
810 1461 952 1543 aperiret
973 1462 1109 1542 Achivis,

155 1546 338 1627 Obtulerat‚
359 1546 462 1613 fidens
484 1548 594 1626 animi,
617 1552 714 1627 atque
735 1546 769 1611 in
791 1552 964 1629 utrumque
985 1554 1125 1630 paratus,

154 1632 216 1698 Seu
238 1651 370 1699 versare
393 1633 497 1711 dalea,
520 1650 578 1696 seu
600 1637 709 1697 certae
731 1633 921 1697 occumbere
943 1634 1047 1698 morti.

154 1718 304 1799 Undique
327 1718 450 1783 visendi
473 1718 579 1783 studio
603 1717 742 1783 Troiana
763 1718 913 1783 iuventus

155 1802 458 1882 circumfusarum
482 1808 671 1884 certantque
693 1803 841 1867 inludere
864 1809 967 1885 capto.

99 1887 135 1951 65
154 1890 272 1971 Accipe
294 1908 381 1953 nunc
403 1890 549 1954 Danaum
571 1888 716 1968 insidiae,
740 1893 774 1953 et
797 1889 929 1955 crimine
952 1889 992 1954 ab
1015 1907 1079 1953 uno

152 1974 246 2054 Disce
272 1974 383 2039 omnis.

153 2059 300 2142 Namque
322 2066 361 2125 ut
383 2063 556 2143 conspectu
578 2060 611 2123 in
634 2058 739 2123 medio
762 2060 924 2139 turbatus,
947 2060 1086 2139 inermia,

155 2144 307 2210 Constitit
329 2150 426 2226 atque
449 2144 550 2210 oculis
572 2144 711 2227 Phrygia
733 2145 862 2226 agmina
885 2146 1122 2228 circumspexit:

153 2230 239 2310 Heu,
263 2248 347 2312 quae
369 2249 453 2295 nunc
477 2230 587 2309 tellus,
608 2229 728 2311 iuquit,
751 2248 833 2311 quae
855 2250 907 2295 me
929 2250 1070 2311 aequora
1090 2235 1227 2312 possunt

99 2312 135 2377 70
152 2316 331 2398 Accipere?
369 2320 425 2380 aut
446 2316 524 2398 quid
544 2316 608 2380 iam
631 2314 749 2379 misero
771 2316 848 2380 mihi
871 2316 1009 2397 denique
1031 2320 1141 2395 restat,

94 2460 95 2463 ,
154 2400 210 2466 Cui
232 2418 340 2484 neque
363 2401 447 2483 apud
469 2401 599 2465 Danaos
621 2419 756 2482 usquam
779 2402 880 2480 locus,
904 2407 937 2467 et
959 2420 1056 2482 super
1077 2401 1138 2483 ipsi

102 2485 104 2490 ’
152 2487 358 2552 Dardanidae
380 2485 497 2552 infensi
518 2503 639 2568 poenas
664 2505 734 2552 cum
757 2489 913 2569 sanguine
937 2492 1083 2570 poscunt.

155 2572 223 2650 Quo
247 2574 370 2655 gemitu
393 2573 539 2638 conversi
562 2571 658 2637 animi
682 2591 884 2655 compressus
907 2578 941 2640 et
962 2571 1065 2639 omnia

154 2659 306 2739 Impetus.
349 2658 526 2724 Hortamur
547 2657 622 2738 fari,
644 2677 707 2740 quo
731 2659 886 2740 sanguine
910 2663 1026 2740 cretus,

98 2739 135 2808 75
156 2743 279 2820 Quidve
302 2741 401 2823 ferat3
424 2748 593 2822 memoret,
616 2762 698 2824 quae
721 2743 764 2810 sit
786 2743 903 2811 fiducia
926 2750 1028 2826 capto.

154 2829 213 2894 Ille
235 2829 330 2910 haec,
353 2829 499 2912 deposita
521 2831 652 2894 tandem
673 2828 858 2909 formidine,
879 2829 981 2924 fatur:

84 3013 147 3067 Orat.
164 3015 188 3080 2,
206 3014 241 3068 42
260 3017 356 3081 „Plura
375 3017 482 3068 homiues
500 3019 610 3068 iudicant
628 3017 698 3080 odio,
716 3024 761 3068 aut
779 3033 876 3083 amore,
894 3024 939 3068 aut
957 3019 1104 3084 eupiditate,
1123 3025 1168 3070 aut
1188 3018 1254 3069 alt-

84 3099 138 3150 qna
154 3087 307 3151 permotione
324 3085 456 3205 ιιιιιιιιίιέᾌ
489 3084 530 3137 51.
550 3085 679 3136 Contoreit
696 3086 794 3137 uastam
814 3088 837 3136 in
855 3102 909 3136 cam
927 3087 1015 3137 lateris
1033 3094 1143 3154 partem,
1162 3087 1186 3136 iu
1204 3101 1253 3153 que

83 3159 116 3202 cet
140 3155 219 3205 alvus.
256 3154 282 3205 in
307 3155 413 3221 repetita
458 3155 623 3222 raepositione
649 3156 714 3204 inest
738 3156 928 3205 vehementioris
955 3157 1018 3206 ictus
1045 3156 1200 3220 significatio.
1219 3184 1253 3194 -

82 3235 144 3272 caera.
162 3239 230 3290 conp.
249 3223 307 3288 ein,
333 3225 357 3272 iu
375 3230 536 3274 curvaturam
555 3223 613 3274 alvi.
632 3251 665 3259 —
683 3223 759 3288 seri,
778 3224 845 3289 equi,
870 3231 899 3274 ut
915 3220 940 3288 5,
958 3221 1035 3293 8161
1075 3222 1118 3276 52.
1136 3239 1254 3287 recurro,

82 3304 226 3356 repercusso,
244 3293 261 3342 i.
280 3309 301 3342 e.
322 3307 406 3342 sonum
426 3289 568 3361 reddente!
603 3287 645 3342 53.
663 3291 751 3356 iunge:
770 3307 851 3343 cavae
869 3295 1014 3356 insonuere,
1031 3294 1048 3344 i.
1061 3310 1082 3344 e.
1095 3307 1184 3342 cavum
1196 3292 1254 3357 quid

82 3373 183 3424 tonuere,
201 3377 222 3411 a.
241 3361 286 3424 ita,
304 3369 333 3411 ut
350 3376 391 3411 res
409 3376 487 3411 cavae
505 3361 599 3424 sotent;
618 3355 643 3426 5,
661 3357 712 3411 866
731 3377 861 3424 „rauca
879 3362 984 3411 adsiduo
1003 3362 1057 3412 sale
1075 3376 1138 3411 saxa
1157 3374 1254 3410 ronc-

81 3425 179 3492 tant,“
197 3429 213 3479 i.
232 3446 255 3480 e.
274 3445 376 3480 raucum
395 3445 480 3480 sonum
506 3429 625 3492 edebant3
652 3429 715 3479 addc
734 3425 765 3479 G.
784 3427 809 3490 4,
828 3427 904 3497 3761
939 3426 981 3479 54.
1000 3433 1026 3478 ei
1036 3430 1107 3494 sata
1117 3429 1253 3494 scissent,

81 3501 105 3544 ut
127 3498 298 3560 detegerentur
321 3498 439 3559 insidiae;
465 3497 495 3547 ci.
519 3513 557 3548 vs.
576 3493 627 3549 433
645 3504 713 3549 etv.
731 3495 762 3560 3,
781 3494 839 3548 717.
864 3525 907 3539 --
922 3498 1012 3555 mena,
1031 3498 1117 3559 sturm,
1135 3503 1163 3546 ut
1181 3495 1210 3547 Ε.
1229 3494 1254 3559 1,

81 3559 129 3627 161
161 3561 201 3616 55.
219 3565 362 3634 inputaret,
382 3559 574 3629 detendendae.
609 3565 762 3617 indicativus
779 3567 803 3616 in
821 3566 941 3620 eiusmodi
959 3566 1069 3615 oratione
1086 3566 1179 3615 indicat
1196 3581 1254 3616 con-

81 3635 175 3684 trarium
193 3637 292 3686 evenire
309 3634 351 3684 vei
369 3636 494 3686 evenisse:
520 3634 671 3701 r'rnpuiernt,
692 3639 717 3684 ei
727 3634 866 3699 sciscant:
889 3641 917 3684 at
934 3650 993 3685 non
1004 3635 1177 3699 suerunt,
1194 3649 1255 3698 ergo

81 3698 117 3750 ille
137 3716 180 3752 non
204 3703 284 3772 potuit
309 3701 432 3755 Troianos
456 3704 593 3770 irnpellere3
621 3702 652 3753 ci.
677 3700 707 3764 4,
733 3700 790 3773 19.Ι
830 3700 872 3754 56.
897 3701 1013 3754 Formam
1037 3703 1110 3752 huius
1134 3703 1255 3753 orationis

82 3773 157 3821 tuctur
179 3773 284 3823 imitatio
309 3772 364 3822 Silii
386 3769 410 3836 7,
435 3769 486 3822 562
511 3788 547 3837 sq.
578 3771 796 3837 „Mataercntque
826 3772 904 3822 solum
934 3772 1039 3838 sceptris
1061 3772 1153 3822 Aeneia
1177 3785 1255 3835 regna

81 3835 195 3906 Nullaque
213 3856 275 3891 nuuc
293 3847 380 3891 sterce
398 3847 522 3890 terracnm
535 3841 637 3902 vertice,
654 3839 775 3909 Romaf‘}
804 3835 846 3890 57.
865 3856 890 3890 v.
904 3840 932 3889 E.
945 3837 971 3904 3,
984 3836 1059 3909 1064
1089 3837 1131 3890 60.
1150 3841 1202 3891 Hoc
1224 3843 1230 3853 “

81 3919 142 3970 ram,
156 3916 184 3959 nt
201 3911 368 3960 adduceretur
386 3911 418 3958 ad
438 3925 528 3973 regem,
546 3915 578 3960 nt
595 3913 721 3971 strueret,
739 3909 796 3959 doio
815 3907 948 3972 efficeret!
983 3907 1025 3961 61.
1043 3925 1069 3958 v.
1088 3906 1119 3960 d.
1136 3907 1162 3972 4,
1179 3856 1256 3977 49657

81 3970 117 4022 62.
133 3990 195 4028 vere.
215 3978 247 4040 d,
267 3978 337 4027 dolos
355 3979 453 4041 agitare
472 3985 497 4028 et
514 3977 608 4028 insidiis
627 3975 721 4028 satiare.
739 4005 773 4014 —
790 3994 811 4026 a.
831 3993 851 4026 c.
870 3993 920 4027 oce.
938 3994 983 4038 na,
1000 3985 1029 4028 ut
1045 3994 1109 4028 unua
1127 3993 1159 4028 ex
1177 3977 1255 4027 hosti-

82 4039 145 4112 bus}
177 4041 210 4095 69
228 4061 281 4112 sqq.
307 4045 362 4111 Qua
387 4047 436 4097 iam
459 4043 597 4110 confugiam
622 4046 687 4096 omni
708 4061 754 4111 spe
776 4045 865 4096 salatia
891 4045 1058 4114 praecluent!
1094 4043 1135 4096 m.
1156 4061 1255 4112 poenas

83 4117 286 4179 consanguine,
305 4130 396 4181 poenas
415 4122 520 4181 poscunt
543 4121 568 4164 et
586 4115 682 4180 quidem
700 4115 858 4178 sanguinem,
883 4130 904 4164 s.
923 4116 1015 4178 vitam3
1047 4121 1085 4164 cst
1103 4130 1133 4165 ea
1151 4114 1255 4163 circum-

80 4175 167 4230 locutio
185 4183 359 4251 rnppte'cii:
382 4199 421 4233 vs.
440 4179 491 4233 366
515 4198 624 4249 ,poenae
643 4185 703 4232 dent
721 4184 865 4246 sanguine,“
888 4199 909 4233 s.
929 4185 994 4247 vita,
1018 4184 1034 4232 ἰ.
1053 4199 1074 4233 e.
1093 4178 1255 4248 moriuntur}

82 4240 120 4296 73.
139 4255 257 4314 ennensi,
270 4252 381 4322 mutati}
418 4248 459 4303 75.
478 4251 552 4314 Quid.
564 4251 601 4316 s,
620 4245 636 4300 ὅ
649 4267 676 4299 τι
689 4249 747 4316 ἔχει
759 4250 860 4316 λέγειν.
873 4277 908 4288 -
920 4253 1048 4318 quuefid,
1061 4252 1130 4301 cuius
1142 4251 1179 4300 rei
1189 4249 1253 4300 ddu-

84 4313 127 4376 cia,
144 4329 170 4367 r.
187 4317 250 4380 1713
269 4335 318 4385 qna
337 4336 365 4371 re
383 4319 488 4370 coudsus
507 4321 603 4370 veniam
623 4325 648 4370 at
665 4320 771 4369 salutem
791 4335 893 4385 sperare
911 4321 1003 4386 possit3
1036 4334 1100 4384 quae
1127 4333 1185 4384 spes
1202 4332 1254 4366 cu-

83 4383 170 4447 ptivo
189 4389 274 4439 homiui
293 4393 338 4438 aut
350 4389 419 4439 natta
430 4403 485 4439 esse
497 4388 561 4438 solet
578 4394 622 4439 aut
634 4382 751 4454 exigua!
787 4385 827 4439 76.
839 4389 997 4452 formidare,
1016 4403 1089 4452 qaam
1101 4387 1240 4436 simularat.
