2942 4975
469 296 685 364 AENEIDOS
707 297 852 363 1117711.
1186 295 1245 362 177

151 486 278 566 Defuit,
302 491 335 550 et
358 484 491 552 comites
513 488 689 566 natumque
710 485 879 566 vinrmqus
899 483 1024 554 fefellit

83 573 133 637 747
153 573 254 650 Quem
276 591 342 636 non
363 569 507 636 incusavi
530 589 638 634 emens
661 569 888 654 hominumque
909 572 1128 656 deorumque?

152 659 217 722 Aut
240 657 317 739 quid
338 656 374 722 in
397 673 509 720 eversa
529 655 595 720 vidi
618 655 779 720 crudelius
801 655 905 721 urbe?

152 743 324 808 Ascanium
345 741 572 822 Anchisenque
594 745 720 823 patrem
744 741 948 824 Teucrosque
968 744 1099 821 Penatis

154 827 350 894 Commendo
372 827 467 892 sociis
491 831 524 891 et
546 845 643 892 curva
663 826 748 891 ualle
769 827 923 906 recondo;

152 915 225 996 lpse
249 913 363 978 urbem
384 915 498 995 repeto
521 916 554 976 et
577 911 687 994 cingor
709 911 906 994 fulgentibus
928 914 1033 980 7111177.

82 997 133 1063 7710
153 999 225 1065 Stat
248 1017 341 1063 casus
362 1016 519 1062 renovare
542 997 658 1076 omnis,
680 1015 873 1078 omnemque
893 1000 1015 1064 reverti

151 1085 214 1150 Per
237 1083 380 1161 Troiam,
404 1087 437 1147 et
459 1100 569 1148 rursus
593 1087 689 1164 caput
710 1083 874 1148 obiectare
895 1084 1033 1166 periclis.

151 1169 314 1251 Principio
337 1185 445 1233 muros
465 1168 666 1250 obscuraque
687 1167 799 1232 limina
820 1174 944 1250 portae,

153 1255 221 1333 Oua
244 1271 392 1336 gressum
415 1253 603 1332 7177771771,
626 1258 753 1336 repeto,
776 1257 810 1319 et
831 1255 969 1338 vestigia
988 1261 1077 1322 retro

153 1341 334 1408 Obseruate
355 1355 473 1420 sequor
493 1357 553 1420 per
573 1343 701 1404 noctem
725 1343 759 1404 et
780 1339 900 1404 lumine
921 1341 1033 1406 lustro.

82 1423 134 1492 767
152 1427 278 1491 Η71171
300 1424 419 1505 ubique
440 1425 556 1502 animo,
585 1425 680 1490 simul
701 1424 772 1506 ipsa
793 1425 922 1490 silentia
941 1432 1075 1492 terrent

152 1511 231 1578 Inde
256 1511 399 1588 domum,
421 1509 449 1574 si
465 1509 555 1590 diste
577 1511 706 1591 pedem,
728 1509 875 1596 sip-forte,
897 1511 1033 1592 tulisset,

151 1597 204 1662 Me
225 1594 344 1660 refero.
387 1595 561 1660 inruerant
582 1595 699 1673 Danai,
722 1600 756 1660 et
777 1600 900 1660 tectum
922 1616 1017 1662 omne
1038 1600 1202 1665 tenebant.

151 1683 246 1746 Ilicet
268 1681 352 1762 ignis
375 1680 456 1745 edax
478 1699 603 1745 summa
624 1682 664 1746 ad
686 1679 815 1763 fastigia
835 1687 934 1746 vento
1042 1692 1046 1701 ‘

152 1767 316 1845 Volvitur3
340 1769 532 1847 exsuperant
554 1765 715 1845 dammae,
737 1765 818 1830 77177
839 1771 948 1832 aestus
970 1770 1012 1834 77
1034 1789 1138 1836 ouras

82 1849 134 1916 7677
152 1852 297 1928 Procede
322 1857 356 1916 et
376 1851 494 1916 Priami
520 1851 614 1916 sedes
637 1870 808 1933 arcemque
829 1852 945 1918 reviso.

153 1938 282 2003 Etiam
304 1937 479 2020 porticibus
501 1936 610 2002 vacuis
631 1937 765 2002 Iunonis
785 1937 873 2019 asylo

154 2023 312 2088 Custodes
333 2022 411 2088 lecti
432 2021 576 2087 Phoenix
599 2027 632 2087 et
654 2023 742 2087 dirus
764 2022 878 2088 Ulixes

152 2108 312 2174 Praedam
334 2107 557 2172 adservabant.
599 2107 671 2172 Huc
693 2106 835 2188 undique
858 2108 955 2174 Troia
974 2128 1054 2192 gaza

152 2193 297 2259 lucensis
322 2197 433 2274 erepta
455 2193 571 2274 adytis,
594 2211 788 2274 mensaeque
810 2193 953 2274 deorum,

80 2275 133 2342 765
154 2278 367 2359 crateresque
390 2296 469 2343 auro
490 2277 597 2356 solidi,
620 2278 809 2360 captiuaque
829 2279 930 2343 vestis

153 2363 356 2446 Congeritur,
397 2363 494 2428 Pueri
516 2368 550 2428 et
571 2364 705 2445 pavidae
726 2364 823 2445 longo
846 2363 958 2429 ordine
979 2369 1101 2431 matres

153 2449 248 2517 Stant
272 2448 421 2515 circum·

152 2538 259 2601 Ausus
283 2533 361 2617 quin
385 2534 481 2599 etiarn
503 2552 599 2601 voces
620 2535 742 2601 iactare
764 2552 824 2617 per
844 2535 989 2601 umbram

151 2620 278 2704 Inplevi
302 2619 441 2685 clamore
464 2620 543 2699 vias,
566 2625 770 2701 maestusque
793 2619 945 2685 Creusam

79 2702 133 2769 llO
151 2706 356 2788 Nequiquam
378 2705 577 2786 ingeminans
599 2706 782 2787 iterumque
803 2706 985 2787 iterumque
1006 2708 1124 2773 vocavi.

153 2791 331 2871 Quaerenti
354 2795 387 2855 et
409 2791 503 2855 tectis
525 2790 613 2855 urbis
636 2792 704 2855 sine
726 2788 790 2855 fine
812 2789 933 2856 furenti

151 2876 271 2943 Infelix
293 2874 499 2941 simulacrum
520 2882 617 2957 atque
638 2875 739 2958 ipsius
760 2876 874 2943 umbra
896 2876 1036 2943 Creusae

151 2963 231 3028 Visa
253 2960 331 3025 mihi
354 2967 429 3026 ante
450 2962 559 3026 oculos
582 2967 616 3027 et
637 2966 715 3027 nota
735 2961 839 3027 maior
859 2963 974 3045 imago.

151 3047 317 3129 Obstipui,
339 3050 564 3129 steteruntque
588 3065 697 3113 comae
721 3051 754 3111 et
775 3066 837 3111 vox
858 3047 1004 3113 faucibus
1025 3049 1138 3116 haesit.

75 3128 130 3199 775
152 3134 237 3199 Tum
261 3130 306 3197 sic
328 3130 430 3197 adfari
453 3137 486 3197 77
509 3151 600 3199 curas
622 3132 672 3197 7177
695 3133 824 3198 demere
847 3134 956 3199 dictis:
1249 3130 1254 3137 ’

152 3218 239 3297 Quid
261 3221 389 3285 7711711111
410 3217 522 3283 insano
545 3218 635 3284 iuvat
654 3218 824 3301 indulgere
847 3218 961 3299 dolori,

152 3304 179 3370 O
205 3301 310 3368 dulcis
333 3300 491 3367 coniunx?
528 3322 592 3367 non
614 3304 695 3369 71777
717 3304 787 3368 7777
809 3305 941 3369 77177117
962 3305 1067 3371 (duom

150 3389 332 3466 Eveniunt3
355 3406 418 3452 nec
438 3392 472 3453 te
495 3390 643 3454 comitem
665 3392 796 3471 portare
818 3389 971 3455 Creusam

152 3476 220 3541 Pas
244 3478 300 3539 aut
322 3473 378 3539 ille
400 3472 477 3539 sinit
498 3474 606 3558 superi
628 3479 781 3556 regnator
803 3473 938 3559 Olympi.

75 3656 248 3728 744.sqfellif,
261 3658 346 3711 ἔλαθε
360 3652 446 3728 771771
460 3661 703 3729 συνεφεπομένη.1
731 3659 791 3713 tot
804 3662 878 3727 lunc,
890 3662 995 3734 7777771
1021 3660 1214 3714 75677777711111
1231 3681 1255 3715 ra

72 3730 138 3790 sorte
155 3731 282 3795 significat
300 3744 451 3797 7711717777
470 3730 537 3793 6717,
556 3731 619 3795 quod
638 3731 702 3781 77717
719 3728 837 3793 futurum,
855 3732 975 3781 7117717771
993 3736 1055 3800 cst}
1091 3729 1149 3783 758.
1175 3734 1256 3796 Ilicet,

73 3813 94 3845 v.
110 3815 146 3849 vs.
164 3795 244 3866 4244
280 3795 338 3849 761.
357 3798 559 3865 771171,77111117ο;
578 3814 635 3849 nom
653 3800 744 3865 templa
761 3797 822 3865 (uon
835 3805 916 3850 antem
929 3798 1023 3866 omnia)
1041 3802 1080 3865 iis,
1098 3802 1141 3867 qui
1158 3803 1256 3868 culpam

73 3866 102 3917 777
119 3884 176 3918 nam
194 3868 379 3930 commiserant,
398 3867 551 3932 praebebant
569 3866 719 3933 perfugium
738 3867 1260 3938 717777777777711777711111777171171771

73 3884 125 3986 767.
141 3952 227 3987 71777.
255 3935 342 3996 deor„
368 3949 476 3985 mensam
503 3935 526 3985 in
553 3936 644 4002 templo
671 3934 770 3985 lunonis
793 3935 924 4003 Olympiae
946 3937 1052 4003 positam
1079 3946 1256 3989 commemorat

72 4002 171 4055 Pausan.
190 4000 218 4067 5,
235 4001 279 4053 20.
315 4002 417 4053 Servius
440 4004 472 4054 ad
495 4001 520 4067 8,
538 4001 589 4055 279
612 4004 701 4069 „Apud
724 4004 839 4068 antiquos
861 4005 925 4055 inter
942 4020 1060 4056 vasorum
1078 4008 1255 4073 supellectilem

71 4074 139 4123 eliam
156 4087 270 4124 1771177111
287 4087 342 4121 7771
361 4072 412 4121 7177
430 4087 482 4121 mos
500 4079 556 4122 erat
573 4073 726 4135 consecrari,
751 4088 798 4137 quo
824 4073 864 4123 777
881 4074 996 4141 templum
1021 4072 1256 4143 consecrabaturf‘l

71 4138 124 4191 766.
143 4158 168 4191 v.
188 4139 215 4203 5,
232 4136 293 4191 663.
312 4144 337 4190 77
356 4138 386 4190 G.
404 4136 429 4203 2,
447 4136 522 4203 4647
557 4137 614 4191 772.
633 4140 734 4207 71177777
751 4157 783 4204 a,
802 4142 861 4207 quia
877 4142 931 4207 ipsa
944 4143 1040 4194 Creusa
1058 4143 1141 4198 infelix
1154 4145 1255 4194 Aeneae

70 4204 188 4271 videtum!
225 4206 283 4259 773.
301 4210 401 4269 amtor,
423 4209 458 4257 sic
481 4209 633 4275 putabantur
657 4210 775 4273 imagines
799 4216 952 4262 mortuorum
974 4228 1109 4278 apparere,
1132 4211 1164 4261 ci.
1182 4212 1254 4262 Ovid.

69 4276 133 4329 7777.
152 4275 179 4341 2,
198 4273 273 4343 5037
310 4272 368 4326 tto.
393 4291 417 4326 v.
439 4275 464 4339 8,
486 4276 540 4339 357
577 4274 634 4328 779.
659 4277 724 4341 Fas,
745 4276 838 4342 lutum,
862 4287 891 4330 ut
911 4277 936 4343 6,
957 4276 1017 4331 438.
1040 4297 1087 4330 uon
1109 4279 1188 4330 iatum
1211 4292 1255 4328 nec

70 4346 190 4414 interpres
209 4343 406 4411 7777771177711
429 4346 541 4397 similiter
564 4346 687 4412 particula
704 4348 834 4411 negativa,
857 4364 920 4410 oon,
944 4364 1002 4411 nec,
1021 4357 1138 4414 sequente
1154 4352 1205 4398 suf
1221 4348 1255 4398 sd

119 4434 231 4481 77111717.
245 4444 324 4481 esau.
1016 4430 1049 4483 12
