2942 4975
195 322 260 388 “84
590 323 624 387 Ρ.
646 322 811 391 VIRGILI
832 322 1022 389 MARONIS
1063 268 1068 284 ι

303 507 520 591 Gangaridum
541 508 654 576 iaciant
676 510 870 592 victorisque
893 528 982 576 arma
1003 510 1136 591 Quirini,

301 594 408 676 Atque
429 594 480 665 laic
501 596 676 661 undantem
697 595 782 661 beho
804 614 1019 678 magnumque
1041 594 1193 663 fluentem

301 678 409 745 Nilum
432 698 468 745 ac
490 679 595 746 navali
617 681 778 763 surgentis
800 700 874 746 aere
897 681 1068 747 columnas.

237 764 280 831 30
301 764 427 831 Addam
449 764 545 830 urbes
567 764 662 831 Asiae
684 766 821 831 domitas
842 767 1032 850 pulsumque
1054 765 1217 849 Niphaten

300 848 532 931 Fidentemque
554 848 631 932 iuga
651 848 805 916 Parthum
826 851 991 934 versisque
1013 852 1147 934 sagittis,

300 934 345 1001 Et
367 934 429 1000 duo
451 940 545 1019 rapta
565 954 662 1000 manu
685 936 810 1001 diverso
835 953 873 1001 ex
894 936 987 1002 hoste
1009 941 1142 1020 tropaea

301 1019 420 1101 Bisque
442 1019 652 1102 triumphatas
675 1025 812 1103 utroque
834 1021 874 1087 ab
896 1021 991 1087 litore
1014 1021 1127 1104 gentis.

301 1104 440 1170 Stabunt
461 1108 495 1169 et
516 1104 601 1169 Parii
622 1106 756 1188 lapides,
779 1106 934 1189 spirantia
956 1106 1056 1189 signa,

236 1190 279 1256 35
301 1190 449 1256 Assaraci
471 1189 578 1273 proles
600 1190 819 1273 demissaeque
841 1191 881 1258 ab
902 1192 979 1257 Iove
1001 1193 1107 1278 gentis

173 1278 177 1285 '
301 1274 450 1354 Nomina,
473 1275 617 1357 Trosque
639 1295 769 1360 parcns,
792 1281 826 1342 et
848 1277 962 1343 Troiae
985 1277 1139 1359 Cynthius
1161 1283 1284 1345 auctor.

301 1360 424 1425 Invidia
443 1358 555 1425 infelix
575 1360 688 1429 Furias
711 1379 899 1444 amnemque
921 1380 1068 1428 severum

279 1475 283 1483 e
302 1444 413 1527 Cocyti
433 1449 558 1511 metuet
578 1450 746 1529 tortosque
767 1447 887 1513 Ixionis
909 1448 1022 1531 anguis

300 1532 527 1615 Inmanemque
548 1536 666 1611 rotam,
690 1537 724 1597 et
744 1552 809 1598 non
832 1532 1053 1617 exsuperabile
1075 1550 1195 1598 saxum.

236 1614 280 1682 40
301 1616 430 1681 Interea
451 1616 614 1699 Dryadum
636 1618 732 1683 silves
755 1617 920 1701 saltusque
943 1636 1114 1700 sequamur

301 1701 457 1782 intactos,
480 1706 549 1781 tua,
570 1702 752 1782 Maecenas,
774 1702 860 1770 haud
881 1703 992 1769 mollia
1011 1704 1105 1768 iussa

303 1786 349 1853 Te
372 1786 441 1851 sine
462 1786 508 1851 nil
528 1787 629 1852 altum
650 1805 741 1855 mens
760 1786 904 1854 inchoat:
929 1807 969 1854 en
1034 1807 1064 1868 e,
1086 1788 1193 1871 segnis

300 1872 425 1955 Rumpe
446 1889 564 1951 moras;
586 1878 681 1939 vocat
700 1872 824 1955 ingenti
846 1874 985 1940 clamore
1032 1874 1180 1939 ithaeron

215 2032 267 2077 tarn
286 2026 356 2089 signa
374 2031 399 2075 et
417 2031 518 2076 statuae
537 2040 574 2075 vs.
592 2022 627 2077 34
639 2042 691 2092 sqq.
727 2026 774 2077 llla
791 2034 905 2095 spectant
922 2028 953 2078 ad
970 2043 1012 2078 res
1030 2027 1160 2079 Octaviani
1177 2028 1287 2078 maxime
1303 2027 1328 2077 iu
1341 2029 1403 2079 Asis

215 2092 349 2160 Alhicaque
366 2100 463 2157 gestas,
482 2108 497 2145 a
515 2100 590 2161 poeta
607 2095 745 2145 mirabilius
765 2102 861 2147 sucus.
896 2093 1065 2160 Gangaridae,
1084 2095 1138 2146 Indi
1155 2095 1187 2146 ed
1204 2092 1302 2161 Gangis
1320 2098 1404 2158 nstin

216 2165 303 2214 herum
328 2162 424 2213 nomine
447 2163 543 2213 omnino
567 2162 649 2231 populi
674 2164 807 2215 orientales
831 2164 1011 2227 significantem
1039 2160 1403 2230 eh2,172.—Qnirinurn,

216 2238 340 2297 tamquam
365 2230 471 2281 alterum
490 2230 620 2282 Romulum
644 2232 798 2299 alterumque
815 2232 890 2285 Urbis
911 2233 1074 2296 conditorem,
1098 2232 1262 2283 Octavianum
1287 2234 1405 2301 appellat

215 2296 314 2368 poeta!
348 2296 390 2351 28.
409 2301 500 2367 Atque
512 2300 562 2363 hic,
580 2301 604 2351 in
622 2301 703 2351 altera
721 2300 811 2352 ierim
829 2310 909 2367 parte,
927 2301 950 2351 in
969 2301 1050 2353 altera
1062 2299 1147 2352 valva.
1158 2328 1194 2339 ·-
1209 2316 1354 2367 magnum
1360 2304 1404 2369 fl,

218 2358 311 2421 πολὺν
328 2366 441 2439 ῥέοντα,
466 2368 535 2435 copia
559 2370 729 2435 profluentium
752 2384 873 2437 aquarum
896 2370 1074 2433 abundantem,
1096 2384 1122 2420 v.
1146 2367 1171 2433 1,
1196 2366 1260 2432 aaa,
1284 2370 1406 2422 similiter

220 2437 401 2506 ‚,plarirrrus
419 2436 560 2488 Eridanus“
576 2438 606 2489 A.
625 2434 650 2502 6,
668 2434 719 2491 669
736 2445 763 2490 et
779 2438 810 2490 el.
829 2438 859 2490 A.
876 2434 902 2502 3,
921 2434 985 2500 1963
1004 2438 1137 2505 respicitur
1154 2445 1236 2490 auteur
1255 2439 1289 2489 ad
1308 2437 1405 2492 bellum

219 2523 272 2559 curn
290 2506 396 2556 Antonio
420 2506 541 2577 gestam!
575 2504 617 2556 29.
642 2508 688 2557 col.
708 2514 833 2559 rostratas
857 2522 890 2558 ex
913 2508 1003 2558 rostris
1026 2508 1126 2558 navium
1148 2508 1171 2558 in
1193 2522 1277 2573 pugna
1296 2508 1406 2560 Actiaca

219 2584 345 2642 captarum
365 2573 513 2640 iaciendas!
547 2571 589 2624 30.
607 2576 728 2641 quomodo
748 2579 860 2628 urbest
887 2576 1001 2627 solebant
1023 2577 1071 2626 hae
1093 2591 1138 2643 per
1155 2573 1249 2640 effigies
1266 2577 1405 2628 mulierum

219 2642 409 2710 repraesentari.
432 2669 463 2680 ·-
489 2657 534 2708 per
553 2640 723 2710 Niphaten,
746 2650 775 2693 nt
792 2644 822 2694 A.
840 2641 864 2706 8,
883 2641 935 2694 728
953 2659 997 2710 per
1013 2643 1127 2708 Araxen,
1149 2645 1250 2695 havium
1266 2647 1408 2696 Armeniae

219 2710 1126 2846 aidila“tlltl'ttaltllhh{trahitant
1139 2711 1256 2845 litat:
1275 2712 1408 2852 litati

217 2845 252 2899 32
270 2863 306 2913 sq.
333 2846 457 2897 diversi
481 2847 565 2896 hostes
592 2847 716 2911 dicuntur,
744 2848 785 2912 qui
808 2850 947 2899 contraries
972 2849 1040 2899 orbis
1064 2856 1149 2900 terrae
1171 2856 1257 2916 partes
1282 2850 1408 2914 incolunt,

219 2916 342 2967 Orientem
360 2921 386 2966 et
403 2913 572 2974 Occidentem
597 2922 622 2964 et
645 2915 714 2966 binas
739 2916 858 2966 victorias
883 2932 915 2967 ex
937 2923 1044 2982 utroque
1062 2918 1133 2968 hoste
1149 2918 1184 2968 ita
1202 2917 1296 2968 dicitur
1314 2935 1407 2987 repor-

218 2993 298 3047 tasse,
323 2990 351 3034 ut
374 2983 522 3049 respiciatur
545 2984 576 3032 ad
600 2982 689 3034 bellurn
707 2983 870 3036 Antonianum
888 3000 912 3036 a.
931 2983 981 3036 723
999 2993 1025 3035 et
1042 2982 1093 3036 724
1109 2992 1208 3050 gestum
1226 2993 1252 3036 et
1268 2987 1304 3037 ad
1322 2989 1407 3052 signs,

218 3067 281 3119 quae
293 3050 391 3102 ‘Crasso
410 3053 472 3102 duce
488 3050 591 3102 Romani
608 3053 750 3115 amiserant,
768 3052 911 3115 aphraate,
929 3052 1078 3104 Parthorum
1096 3069 1162 3118 rege,
1179 3068 1202 3104 a.
1218 3051 1270 3106 734
1288 3057 1406 3114 redditu

217 3127 270 3172 turn
294 3121 326 3171 ad
351 3120 456 3169 domitos
481 3118 505 3168 ln
524 3119 640 3186 Hispania
658 3119 798 3172 Cantabros
822 3137 845 3172 a.
863 3120 914 3173 729
938 3121 1091 3187 rebellesque
1112 3123 1210 3175 eosdem
1227 3138 1252 3172 a.
1272 3119 1326 3173 732
1347 3141 1407 3176 con-

217 3197 300 3248 tusos;
326 3189 459 3252 adiungere
483 3187 565 3238 licebit
589 3189 663 3239 etiarn
682 3189 811 3240 britannos
829 3194 954 3240 armorum
971 3189 1137 3242 Romanorum
1154 3191 1208 3241 solo
1226 3196 1328 3243 terrore
1349 3209 1406 3260 per-

218 3257 301 3310 culsos
319 3271 342 3306 a.
361 3251 419 3306 727.
442 3282 477 3292 -
500 3260 610 3322 astroque
627 3259 659 3308 nh
678 3257 728 3322 lit,
752 3258 881 3324 utriusque
899 3258 1002 3321 Oceani,
1026 3259 1154 3310 orientalia
1170 3266 1195 3309 et
1213 3260 1305 3323 occid,
1332 3269 1364 3313 et
1381 3279 1407 3312 r.

217 3327 247 3378 ll.
260 3323 283 3390 1,
296 3321 336 3389 8.Ι
371 3321 412 3376 34.
431 3323 510 3374 Paros
528 3339 576 3373 una
593 3340 625 3375 ex
644 3324 795 3406 Cycladibus
814 3328 905 3393 optimo
923 3328 1143 3392 candidissimoque
1159 3342 1285 3378 marmore
1302 3331 1406 3381 nobilis.

217 3423 252 3434 -
269 3395 413 3462 spirantia,
453 3393 509 3442 nasi
526 3393 647 3456 virentia,
666 3411 682 3444 r.
701 3411 722 3444 e.
741 3410 827 3445 verum
845 3395 941 3446 vultum
961 3395 1100 3446 felicissime
1116 3396 1293 3462 exprimentia3
1319 3397 1356 3449 ci.
1376 3400 1407 3449 A.

218 3462 243 3528 6,
260 3459 312 3515 848
330 3457 384 3527 aql
416 3407 451 3511 38
469 3475 505 3526 sq.
530 3461 593 3510 Aer.
610 3476 664 3529 pr,
689 3469 805 3513 auctores
829 3463 908 3528 gentis
925 3463 1015 3525 lullae,
1038 3465 1061 3514 in
1084 3479 1158 3529 quam
1176 3463 1336 3516 Octavianus
1364 3484 1407 3533 per

218 3533 371 3598 adoptionem
389 3537 507 3589 venerat;
526 3525 557 3578 ci.
570 3529 639 3580 llom.
652 3530 680 3580 ll.
693 3529 735 3594 20,
748 3529 806 3583 arb.
819 3529 870 3582 219
881 3537 907 3582 et
918 3525 1062 3584 230-240.
1080 3540 1132 3583 turn
1151 3533 1180 3583 A.
1199 3530 1225 3597 1,
1236 3529 1406 3606 286-288.Ι

217 3597 260 3653 36.
279 3600 376 3666 Apollo,
394 3597 528 3666 aCyntlro,
546 3597 599 3648 Deli
616 3605 704 3661 monte,
723 3599 742 3649 C
762 3601 844 3650 athius
863 3600 1010 3667 appellatus,
1028 3615 1081 3651 cum
1094 3600 1210 3667 Neptuno
1227 3615 1314 3652 muros
1335 3606 1407 3654 areis

218 3667 342 3718 Troianae
360 3667 513 3726 condiderat;
532 3666 596 3716 idern
615 3616 807 3718 densatnteieris
823 3669 937 3733 Augusti,
955 3675 1030 3734 atque
1046 3669 1108 3719 adeo
1126 3677 1199 3735 pater
1215 3669 1269 3720 eins
1287 3685 1304 3720 a
1322 3674 1406 3738 vulgo

218 3737 338 3798 ereditus3
359 3735 462 3785 'Seston
480 3734 545 3799 Aug.
570 3751 591 3785 a.
610 3729 668 3803 944
702 3732 744 3786 37.
769 3736 852 3801 Imago
874 3737 984 3788 invidiae
1007 3737 1039 3787 ad
1063 3737 1198 3788 Tartarum
1222 3739 1406 3804 proturbatas,

217 3819 261 3871 per
285 3819 357 3870 marn
381 3817 523 3870 compressa
548 3803 750 3855 adversariorum
773 3806 796 3855 in
821 3805 959 3868 Augustum
984 3805 1042 3856 odis
1064 3807 1233 3871 roerdtaeque
1257 3807 1406 3862 discordiae

217 3871 301 3922 civiles
319 3871 498 3936 significantur,
523 3871 546 3921 in
565 3873 648 3923 eodem
666 3874 757 3939 templo
775 3873 943 3937 exhibebitur,
967 3874 990 3923 iu
1009 3873 1096 3924 tabula
1113 3874 1207 3924 scilicet
1225 3876 1305 3940 picta3
1324 3877 1406 3929 aliter

218 3942 279 3992 eninr
305 3941 377 4002 haec,
395 3943 466 4004 'quae
490 3945 613 4005 ponuntur
636 3955 651 3990 a
677 3947 761 4008 poeta,
785 3957 833 3991 non
856 3941 930 3992 facile
947 3943 1026 3992 omnia
1044 3943 1116 3994 simul
1133 3943 1238 4009 exprimi
1256 3945 1406 4017 poterant}

217 4005 259 4060 38.
277 4023 390 4073 ungnes,
414 4007 502 4073 quibua
525 4008 567 4060 ille
591 4016 693 4076 propter
711 4015 834 4060 tentatam
851 4009 949 4060 lunonis
983 4011 1108 4061 udicitiam
1127 4012 1158 4062 ad
1177 4017 1259 4062 rotam
1277 4023 1406 4079 perpetuo

218 4093 246 4128 se
262 4077 465 4138 circumagentenr
490 4075 607 4140 alligatus
634 4085 701 4140 erat;
727 4077 758 4128 cl.
777 4077 868 4129 Tibull.
887 4076 910 4140 i,
929 4077 953 4141 3,
966 4027 1006 4129 Rl3
1024 4095 1036 4128 s
1054 4076 1076 4144 ,Ι
1109 4077 1152 4131 39.
1176 4094 1267 4130 sexum
1285 4080 1404 4150 Sisyphi,

217 4140 617 4212 ci.llom.0d.11,593sqq.l
651 4143 686 4197 40
703 4161 740 4211 sq.
763 4145 794 4195 ci.
815 4143 839 4209 1,
857 4144 890 4196 12
907 4154 933 4196 et
950 4162 974 4195 v.
995 4095 1053 4210 1,2

217 4213 299 4266 nullus
317 4218 374 4264 ante
392 4211 524 4277 Virgilium
543 4219 616 4279 poeta
634 4215 696 4264 hana
714 4220 809 4280 partem
827 4214 863 4264 rei
881 4215 988 4265 rusticae
1005 4215 1096 4280 attigit,
1114 4215 1145 4266 el.
1164 4232 1202 4268 vs.
1219 4214 1270 4267 291
1290 4233 1349 4284 sqq.
1370 4251 1405 4259 -

217 4283 289 4334 haud
305 4281 392 4334 mollia
410 4284 440 4345 a,
466 4277 497 4331 cl.
516 4295 553 4332 vs.
572 4279 623 4334 289
642 4277 694 4348 sq!
727 4278 762 4333 43
780 4297 816 4348 aq.
840 4280 940 4350 Rumpe
955 4298 1004 4347 na,
1028 4284 1066 4333 his
1083 4284 1168 4336 verbis
1187 4299 1215 4335 se
1231 4285 1286 4352 ipse
1304 4289 1404 4341 exher-

216 4359 287 4404 tatur
302 4357 383 4418 poeta,
402 4350 441 4415 qui
459 4355 585 4416 tamquam
603 4351 626 4400 in
645 4365 695 4402 rem
713 4357 867 4418 praesentem
885 4351 983 4402 delatus
1002 4349 1047 4418 (ci.
1059 4349 1084 4411 2,
1096 4350 1145 4421 40)
1163 4353 1213 4404 iam
1230 4353 1278 4404 sihi
1296 4356 1406 4410 videtur

1054 4185 1060 4197 .
1080 4145 1120 4199 14.
1139 4175 1172 4186 -
1191 4151 1314 4213 intactos,
1333 4155 1404 4217 quod

578 4814 690 4972 Ι
