2942 4975
1200 354 1270 399 xm

14 466 18 553 i
90 524 199 595 poetae
217 520 252 597 (si
268 512 379 594 'ponec
399 534 505 579 nomen
518 518 643 578 retinere
656 520 725 592 vult,
747 535 806 579 non
819 535 956 580 nauseam
972 536 1071 583 creare
1085 522 1268 601 legentibus),
1326 545 1331 553 ·

88 611 122 665 ιιι
154 606 246 665 omnin
274 606 497 679 complectatur,
530 620 722 678 quaecumque
749 606 779 664 iu
805 621 854 678 eu,
882 622 968 680 quam
995 608 1190 681 explicaturus
1215 614 1268 682 est,

92 696 156 750 arte
178 692 362 763 continentur,
384 689 583 764 piaculumque
605 687 705 749 iecisse
723 696 881 765 censeatur,
903 693 928 751 si
949 708 1034 765 quem
1055 692 1101 753 vel
1122 694 1269 764 minimam

88 782 203 851 partem
217 776 379 845 transierit;
401 774 532 834 debetis
554 790 676 834 summas
697 792 794 834 rerum
815 778 957 851 attingere
978 792 1069 851 osque
1090 779 1269 851 potissimum

87 880 124 920 ex
146 862 249 921 ceteris
271 861 401 934 seligere,
424 876 496 934 quse
517 860 639 919 memme
662 861 818 919 admittunt
838 868 976 933 emotum,
1000 863 1058 922 alia
1079 864 1181 923 leviter
1201 882 1269 939 per·

88 948 243 1021 stringere,
273 945 414 1019 qusedum
444 946 599 1018 spectioa
626 944 753 1005 dictione
781 945 967 1005 abhorrentia
997 948 1139 1010 omittere.
1193 950 1268 1023 Qun·

87 1033 243 1105 dripartite
258 1036 303 1091 est
316 1030 404 1090 totius
425 1031 519 1104 operis
542 1030 714 1105 distributio,
734 1046 837 1105 resque
857 1032 993 1091 monebat
1014 1033 1085 1106 ipsa,
1107 1038 1139 1092 ιιι
1160 1035 1267 1107 primns

28 1138 30 1143 ·
87 1119 167 1176 locus
191 1132 334 1191 agrorum,
356 1117 495 1176 secundus
518 1116 654 1175 arborum
676 1117 805 1175 culturae
826 1115 956 1189 daretur,
978 1118 1079 1177 tertius
1100 1120 1143 1178 rei
1165 1136 1267 1193 peonn-

88 1204 160 1275 rise,
191 1206 309 1275 quartus
337 1202 475 1273 spinriee.
519 1201 561 1260 Ut
586 1205 680 1275 autem
707 1204 738 1259 in
765 1201 922 1275 deligendis
949 1201 1034 1262 rebus
1056 1205 1267 1279 elegantissimo

88 1288 196 1349 iudicio
217 1304 285 1345 usus
308 1291 352 1346 est
374 1287 520 1361 Virgilius,
542 1287 583 1345 itu
604 1287 689 1359 plene
711 1286 823 1346 divinus
844 1289 939 1347 estin
961 1291 1142 1360 exornandis
1185 1290 1280 1363 Quod-

86 1390 121 1432 eo
142 1374 265 1433 maioris
286 1371 341 1429 furit
362 1372 477 1445 ingenii,
504 1388 560 1446 quo
581 1372 714 1431 tenuiore
735 1378 821 1445 atque
842 1374 963 1432 exiliora
984 1379 1050 1432 sunt
1070 1375 1208 1449 plereque
1229 1377 1268 1435 ud

14 1450 17 1533 i
87 1476 148 1516 rem
170 1459 309 1517 rusticam
330 1458 511 1529 pertinentia.
555 1457 590 1516 Id
615 1458 707 1530 ipsum
734 1474 798 1516 cum
824 1460 944 1518 sentiret
964 1459 1113 1533 Virgilius,
1142 1477 1178 1519 ne
1204 1461 1267 1521 lau·

87 1549 257 1617 guescerent
284 1542 379 1601 studia
405 1542 572 1615 legentium,
605 1542 661 1601 boc
688 1544 822 1615 instituit,
851 1549 884 1601 ut
911 1544 1071 1617 praestans
1098 1545 1268 1619 quibusdam

88 1630 225 1702 episodiis
249 1628 438 1701 distingueret
458 1627 513 1686 hoc
535 1644 649 1686 carmen
671 1644 761 1701 eoque
782 1625 888 1688 fessum
908 1629 1029 1703 legendo
1046 1630 1171 1689 animum
1186 1633 1268 1705 quusi

87 1713 227 1773 reficeret
273 1712 366 1771 Vultis
394 1713 503 1785 optime
524 1728 652 1786 quaeque
674 1718 703 1771 et
724 1712 955 1787 splendidissima
975 1715 1022 1773 bic
1043 1731 1062 1774 a
1082 1732 1128 1775 me
1148 1732 1268 1789 percen-

88 1798 164 1857 seri?
208 1798 291 1857 Nihil
318 1813 377 1855 non
404 1798 477 1856 nitet
502 1799 532 1857 in
557 1798 612 1857 hoc
639 1800 778 1871 carmine,
804 1799 900 1858 omnis
926 1805 992 1859 sunt
1016 1816 1126 1860 summo
1151 1802 1267 1876 ingenio

89 1884 182 1959 digna
229 1882 368 1942 videritis
394 1882 463 1956 ipsi,
491 1900 559 1941 num
586 1883 654 1956 quid
680 1884 711 1941 in
737 1884 793 1942 boc
818 1900 922 1957 genere
946 1883 1101 1959 pei-lectius
1128 1892 1178 1945 ant
1205 1903 1267 1947 esse

92 1976 138 2028 aut
158 1970 286 2043 cogitari
307 1968 405 2041 possit.
449 1968 565 2041 Longus
587 1967 635 2041 lui,
659 1985 723 2027 cum
744 1968 900 2044 pruefabsr
921 1969 1058 2030 bucolicis
1080 1971 1266 2043 carminibus3

90 2072 143 2127 quo
164 2054 296 2113 breviori
317 2052 388 2111 mibi
409 2068 471 2111 esse
491 2053 539 2112 bie
559 2055 652 2124 lienit3
674 2070 758 2113 nemo
780 2055 827 2113 bic
847 2056 949 2114 mebus
969 2072 1055 2129 quam
1075 2063 1164 2130 poeto
1184 2074 1266 2117 suam

90 2140 148 2212 ipse
162 2156 281 2198 censam
295 2137 430 2196 tuebitur.
474 2138 531 2197 Sed
549 2144 700 2212 antequam
723 2140 761 2199 ad
782 2140 841 2199 alia
861 2142 1089 2215 progrediamur,
1111 2148 1207 2215 restat,
1230 2141 1267 2202 de

93 2242 146 2296 quo
167 2225 290 2296 dicutur,
312 2223 404 2282 nodus
426 2222 464 2281 ed
485 2224 691 2298 expediendum
707 2223 899 2284 difficillimus.
933 2226 1091 2285 Exordium
1106 2226 1174 2286 libri
1187 2229 1268 2287 tertii

96 2309 147 2391 hup
167 2317 208 2368 est
229 2314 292 2381 „Te
306 2328 423 2382 quoque,
444 2328 546 2381 mopso
560 2313 652 2381 Pales,
673 2322 700 2367 et
720 2322 747 2367 tc
767 2315 944 2368 memorande
964 2303 1209 2369 conanus'Pustor
1230 2317 1266 2369 ab

96 2398 259 2468 Ampbryso,
286 2414 348 2464 oss,
374 2396 462 2450 ebroe
488 2414 634 2468 omnesque
654 2400 786 2467 Lycaei.“
831 2396 922 2455 Poeta
946 2400 1097 2469 postquam
1118 2397 1163 2455 his
1190 2396 1267 2457 binis

14 1000 16 1047 l

92 2470 214 2540 versibus
237 2479 404 2552 declararit,
428 2479 463 2538 de
485 2497 541 2554 quo
563 2480 690 2540 scribere
711 2480 767 2540 sibi
788 2482 978 2555 proposuerit,
1000 2489 1118 2561 repente
1139 2480 1266 2568 deflectit

91 2567 124 2624 ad
144 2583 206 2626 rem
229 2566 325 2625 abeo
348 2566 498 2638 proposito
520 2569 637 2640 prorsus
659 2567 875 2626 abhorrentem:
902 2570 1033 2637 „casea
1061 2568 1165 2643 inquit,
1194 2589 1267 2642 qaue

87 2673 188 2710 uacuos
203 2655 357 2709 tenuissent
371 2655 496 2708 cumino
509 2663 619 2722 mantea,
641 2657 742 2710 Omnia
755 2656 814 2710 ium
825 2655 954 2723 culpator
968 2657 1031 2726 quis
1045 2664 1096 2709 out
1109 2658 1267 2726 Eurystheu

87 2741 194 2808 dunum,
217 2739 280 2794 Aut
301 2739 446 2794 inlaudati
465 2741 552 2794 weit
566 2741 711 2794 Busiridis
725 2742 830 2795 αιιιιῖιι
851 2743 912 2816 (cto.=
950 2739 1033 2811 Quod
1053 2755 1143 2812 quare
1164 2738 1267 2798 fecisse

88 2824 225 2896 rideatur,
249 2821 327 2880 baud
348 2821 475 2896 ineptum
496 2821 584 2881 fuerit
603 2839 748 2896 quaerere.
782 2825 909 2882 Primum
923 2830 1020 2883 sutem
1033 2824 1120 2883 velim
1134 2825 1267 2884 attendas

88 2908 122 2967 ud
143 2909 219 2968 duos
242 2923 341 2968 versus
361 2911 503 2983 extremos
526 2909 680 2982 superioris
701 2908 785 2968 libri:

328 3039 376 3090 Sed
394 3055 438 3092 uos
455 3039 598 3091 immensum
616 3041 703 3108 sputiis
721 3040 869 3092 confecimus
888 3055 988 3107 aequor,

329 3105 360 3158 Et
377 3108 426 3158 iarn
443 3113 537 3174 tempos
554 3125 643 3175 equum
661 3109 780 3160 iumentis
797 3110 896 3160 solvere
912 3109 985 3173 colle,

91 3247 144 3320 qui,
166 3248 219 3306 nisi
242 3245 344 3319 fuller,
365 3248 408 3306 itu
429 3243 587 3320 comparati
607 3253 685 3321 sunt,
711 3254 745 3307 ιιι
757 3254 881 3321 poetam
902 3249 994 3322 magis
1015 3253 1107 3308 totum
1126 3263 1198 3322 opus
1218 3248 1265 3308 bic

87 3333 243 3391 termmure
264 3333 388 3391 voluisse
414 3349 541 3406 censens,
569 3351 654 3408 quum
679 3340 793 3408 partem
814 3339 924 3392 tantum
945 3335 1051 3408 operis.
1093 3334 1266 3393 Immensum

86 3433 193 3491 sequor
215 3433 249 3476 se
270 3416 427 3478 coniecisse
448 3419 490 3476 ait
510 3423 676 3493 tempusque
697 3435 761 3478 esse
781 3417 867 3477 finem
888 3418 983 3477 labori
1005 3418 1108 3478 iacere.
1151 3418 1198 3478 Ita
1216 3419 1265 3492 qui

85 3503 193 3578 scribit,
215 3503 331 3562 videtur
352 3503 480 3562 indicare
502 3510 632 3562 exactum
652 3521 715 3564 esee
732 3503 874 3563 infinitum
887 3504 977 3577 illum,
999 3520 1083 3578 quem
1098 3505 1264 3576 susceperit,

81 3588 232 3658 luborem3
261 3588 334 3646 nibil
353 3589 413 3647 iam
434 3605 509 3662 esse,
538 3590 615 3662 quod
637 3590 706 3648 velit
727 3588 846 3662 addere3
875 3588 1007 3648 coniecto
1033 3589 1150 3664 negotio
1175 3589 1265 3648 otium

82 3678 220 3746 paratum
244 3689 313 3732 esse.
358 3674 394 3732 Id
415 3678 524 3732 veteres
546 3691 658 3748 quoque
678 3676 801 3735 sensisse
822 3675 903 3735 testis
929 3679 974 3733 est
994 3673 1121 3748 Servius,
1148 3675 1198 3747 qui
1225 3674 1265 3733 ud

83 3760 100 3817 l.
125 3759 165 3817 11.
187 3775 230 3817 vs.
254 3761 314 3820 541
343 3759 385 3817 ita
406 3758 506 3818 scribit
532 3761 682 3834 „Plerique
703 3761 802 3824 solunt
822 3760 888 3819 ideo
910 3776 976 3818 enm
997 3758 1103 3819 dixisse
1123 3758 1179 3817 hoc
1198 3758 1263 3820 looo
1346 3796 1352 3807 ·

83 3844 240 3903 carmini
261 3844 434 3918 georgico
457 3842 564 3904 finem
585 3861 622 3904 se
644 3862 721 3905 esse
740 3845 928 3918 lecturum,
951 3845 1028 3918 quod
1042 3843 1099 3903 duo
1115 3849 1264 3918 sequentes

83 3929 153 3987 libri
173 3930 337 4004 postorales
360 3934 432 4002 sunt,
454 3946 512 3988 non
534 3932 692 4006 georgiei;“
714 3947 798 4004 quam
820 3930 934 4004 quidem
954 3946 1069 3990 oausam
1084 3929 1138 3988 etsi
1152 3928 1265 3988 Servius

87 4015 148 4085 ipse
168 4015 276 4088 reiicit,
305 4015 486 4088 repudiatam
509 4016 596 4075 etism
617 4033 635 4076 e
657 4017 761 4076 Vossio
782 4017 838 4076 vol.
860 4015 913 4074 III.
936 4033 964 4089 p.
987 4017 1064 4087 461,
1091 4019 1189 4073 tamen
1210 4013 1266 4074 hoc

87 4105 190 4174 manet,
211 4100 318 4159 multos
340 4097 439 4172 firmes,
462 4101 510 4174 qui
532 4098 616 4160 finem
639 4101 801 4176 Georgicon
821 4101 879 4159 illis
900 4099 995 4161 verbis
1015 4100 1138 4158 indicari
1158 4105 1265 4158 stutue-

84 4189 161 4242 rent.
202 4185 304 4259 Neque
325 4200 394 4244 vero
415 4186 597 4260 intelligitur,
626 4203 714 4261 quere
741 4203 859 4261 operam
883 4187 915 4244 in
940 4200 997 4245 nno
1024 4184 1099 4245 libro
1123 4184 1201 4243 haud
1221 4186 1264 4243 itu

82 4271 172 4345 longo
194 4273 394 4342 consumptam
416 4276 503 4344 poete
524 4273 651 4346 appellet
664 4273 843 4342 immensam,
865 4269 989 4331 feremus
1002 4270 1066 4344 hoc,
1087 4271 1113 4328 si
1133 4269 1172 4329 ad
1193 4268 1265 4328 duos

81 4357 231 4416 minimum
252 4353 346 4414 libros
368 4356 490 4416 relatum
511 4355 609 4428 fuerit3
639 4359 680 4416 sic
705 4358 753 4416 bic
779 4356 864 4418 labor
885 4360 1068 4429 comparatus
1089 4369 1154 4414 curu
1174 4353 1265 4413 miuo-

143 4456 166 4499 0
1045 4453 1062 4503 b
