2942 4975
181 278 282 347 ‘xxxv

207 472 331 531 Romani
353 486 403 545 eo,
426 488 483 545 quo
505 472 642 546 Virgilius
665 477 740 543 erat,
763 486 847 543 quam
868 470 928 542 illo,
951 486 1007 543 quo
1028 470 1142 529 Aeneas
1164 468 1226 543 iuit,
1247 476 1391 545 tempore,

206 558 273 617 ie.
297 572 345 631 ec,
373 573 429 630 quo
454 573 491 615 ne
518 555 631 616 iuuant
653 555 768 629 quidem
789 555 841 613 ulli
861 555 994 614 Romani.
1038 555 1159 615 Mollior
1181 556 1391 630 delicatiorque

209 643 246 703 ab
275 644 352 701 omui
378 648 462 715 parte
492 643 583 701 antus
610 641 818 713 Romanorum,
851 640 999 699 urbanitas
1031 658 1143 699 morum
1174 642 1391 716 perpolitioque

208 728 347 789 sermonis
368 728 439 785 nibil
461 728 518 787 iam
539 726 670 785 ferebant
691 725 801 797 durum,
824 742 963 799 asperum,
986 725 1146 796 borridum3
1170 727 1310 787 orationis
1325 733 1390 786 erat

206 830 243 873 es
265 818 293 873 et
315 812 399 885 copia
421 818 450 871 et
472 813 626 887 elegantia,
648 816 687 884 ut,
711 828 775 870 cum
797 809 896 870 Cicero
919 827 1028 884 omnes,
1051 813 1100 884 qui
1121 813 1216 870 soluto
1236 813 1282 870 usi
1304 818 1392 872 erant

208 914 351 971 sermone,
382 914 432 955 sus
458 896 636 971 praestantia
664 896 793 973 vicisset,
823 912 880 954 uon
905 896 1006 955 liceret
1031 902 1136 969 poetae
1161 898 1272 970 epicum
1300 914 1391 972 genus

208 984 346 1043 tractanti
367 981 532 1043 interiorem
559 998 620 1041 esse
645 981 690 1039 his
711 980 872 1040 virtutibus.
915 981 1017 1055 Itaque
1037 981 1116 1040 vides
1138 983 1256 1041 Homeri
1279 984 1389 1057 simpli·

208 1070 324 1129 citatem
346 1086 364 1127 a
386 1068 508 1141 Virgilio
536 1085 599 1127 cum
625 1067 713 1125 ubere
740 1071 770 1125 et
797 1068 927 1139 copiose,
957 1067 1112 1140 eademque
1139 1073 1168 1126 et
1194 1068 1225 1125 in
1250 1068 1337 1127 rebus
1360 1075 1389 1127 et

208 1154 238 1211 in
260 1153 406 1213 sententiis
429 1158 457 1210 et
478 1154 508 1211 in
530 1152 624 1211 verbis
647 1153 783 1224 elucente,
805 1153 992 1211 exornatione
1006 1158 1210 1211 commutatam
1224 1169 1287 1211 esse
1302 1162 1388 1227 atque

209 1239 295 1311 adeo,
325 1240 361 1312 si,
390 1238 464 1311 quod
488 1254 584 1297 omnes
606 1243 710 1312 poetae
731 1238 841 1308 volunt,
870 1237 985 1309 placere
1012 1238 1070 1295 suis
1090 1238 1190 1310 vellet,
1219 1240 1394 1297 commutari

209 1323 348 1383 debuisse.
392 1323 515 1382 Possunt
545 1323 581 1381 de
610 1340 645 1383 es
671 1340 704 1381 re
733 1322 823 1379 multa
852 1322 920 1391 dici;
949 1323 1032 1381 nobis
1061 1323 1109 1381 bic
1138 1324 1207 1382 satis
1236 1330 1281 1383 est
1309 1326 1392 1397 quasi

209 1410 329 1483 digitum
357 1408 395 1466 ad
423 1425 486 1467 eam
512 1408 675 1469 intendisse.
727 1408 822 1466 Unum
851 1408 907 1468 boc
935 1408 1054 1470 adiicio:
1083 1424 1131 1467 res
1160 1408 1287 1480 quidem,
1319 1426 1392 1481 quas

209 1495 306 1568 attigit
320 1494 465 1567 Virgilius,
487 1510 592 1569 magna
614 1511 649 1552 ex
670 1498 755 1566 parte
776 1497 843 1551 sunt
863 1493 975 1551 abenas
996 1510 1032 1551 ac
1052 1494 1236 1567 peregrinae3
1258 1510 1339 1553 mens
1361 1503 1391 1553 et

210 1580 303 1640 oratio
331 1580 360 1637 in
387 1584 449 1637 toto
477 1580 602 1637 carmine
629 1579 721 1651 spirat
742 1578 882 1637 Romana.
929 1577 1010 1651 Ergo
1038 1578 1143 1651 quiid
1170 1595 1285 1637 carmen
1310 1585 1394 1638 recte

208 1666 296 1739 leget,
327 1664 429 1723 sentiet
457 1664 511 1722 sibi
541 1664 670 1724 accidere
689 1663 789 1743 idem,
825 1662 902 1736 quod
931 1664 1037 1721 accidit
1065 1663 1098 1721 T.
1125 1663 1210 1722 Livio
1239 1664 1390 1723 historiam

208 1750 368 1809 Romanam
391 1748 537 1823 scribenti,
564 1754 597 1807 ut
618 1766 683 1807 suus
705 1747 760 1807 sibi
783 1749 892 1806 animus
913 1748 1045 1806 uideatur
1066 1746 1130 1807 fieri
1151 1750 1296 1822 antiquus,
1321 1752 1340 1808 i.
1364 1766 1393 1809 e.

208 1836 372 1909 gravitatis,
395 1832 476 1907 fidei,
500 1835 690 1906 constantiae,
720 1832 909 1905 fortitudinis,
937 1834 1054 1906 pietatis
1074 1834 1151 1892 illius
1173 1836 1308 1908 antiquae
1329 1836 1391 1909 ple·
1435 1904 1440 1910 ‚

208 1936 269 1979 uus.
313 1921 357 1978 Ac
378 1921 488 1993 nescio,
518 1937 554 1978 an
581 1920 612 1979 id
639 1920 730 1992 ipsum
758 1920 849 1992 egerit
871 1919 1021 1992 Virgilius,
1049 1925 1081 1977 ut
1106 1920 1261 1993 degeneres
1283 1921 1390 1979 Roma-

208 2023 261 2063 nos
283 2006 422 2077 pristinae
449 2006 542 2064 laudis
571 2005 739 2063 admoneret
766 2004 804 2062 ad
831 2005 1027 2077 maiorumque
1047 2006 1182 2063 dautem
1204 2007 1393 2064 exsuscitaret

121 2154 126 2159 ,
208 2095 420 2163 revocaretque.
464 2091 540 2149 Vere
565 2091 640 2148 enim
662 2088 720 2147 dici
741 2095 837 2161 potest
857 2090 932 2147 bunc
952 2095 1069 2161 poetam
1091 2106 1153 2149 esse
1172 2097 1391 2164 praeceptorem

210 2181 239 2234 et
261 2176 341 2249 quasi
363 2176 508 2249 speculum
528 2177 665 2234 artatum
686 2174 896 2247 Romanarum,
925 2174 1100 2248 eundemque
1122 2180 1151 2233 et
1172 2176 1211 2248 ei,
1239 2178 1288 2249 qui
1315 2194 1391 2235 rem-

208 2259 353 2335 publicam
383 2276 532 2333 capessere
561 2261 754 2335 populumque
783 2260 904 2319 dicendo
932 2258 1048 2319 flectere
1078 2261 1236 2333 dandisque
1265 2264 1394 2321 consiliis

208 2362 317 2419 regere,
340 2352 369 2404 et
383 2346 434 2418 illi,
458 2348 505 2421 qui
524 2348 640 2406 omnino
662 2347 752 2405 vitam
773 2346 919 2419 sapienter
940 2344 1090 2404 instituere
1112 2350 1226 2405 etcum
1247 2350 1394 2420 gravitme
1468 2397 1469 2402 ,

210 2448 245 2491 ac
267 2431 406 2506 dignitate
428 2433 532 2507 degere
552 2432 635 2505 velit,
655 2432 743 2506 longe
763 2431 952 2490 utilissimum.

297 2516 321 2591 ἓ.
346 2521 374 2578 7.
418 2518 584 2577 Accedebat
605 2517 733 2590 uliares,
758 2533 830 2589 quac
843 2516 1002 2576 Aeneidem
1016 2516 1154 2574 Romanis
1168 2519 1393 2577 commendaret.

209 2602 399 2673 Explicantur
422 2604 497 2660 enirn
518 2603 548 2660 in
569 2603 624 2660 hoc
646 2603 772 2660 carmine
793 2601 1006 2674 antiquissimae
1030 2618 1076 2660 res
1098 2601 1200 2661 ltaliae
1221 2604 1392 2662 multorum-

212 2703 266 2760 que
289 2688 413 2760 origines
435 2703 547 2746 morum
573 2688 838 2760 institutorumque,
864 2688 950 2745 etiam
978 2702 1126 2745 sacrorum
1152 2693 1236 2761 atque
1263 2690 1392 2761 gentium

209 2771 412 2830 Romanarum.
463 2773 543 2830 Haec
572 2773 668 2830 omnia
702 2772 740 2830 ad
768 2771 961 2831 venerabilem
990 2773 1069 2830 illam
1098 2777 1268 2831 vetustatem
1297 2775 1394 2833 relata

208 2873 266 2916 non
288 2862 442 2931 potuerunt
463 2873 521 2916 non
543 2858 607 2930 ipsa
628 2858 717 2916 multo
740 2856 951 2916 venerabiliora
969 2863 999 2915 et
1013 2858 1094 2930 quasi
1109 2858 1276 2932 augustiora
1289 2860 1394 2937 videri,
1467 2864 1468 2869 ’

210 2941 295 3015 idque
318 2958 352 3001 eo
375 2944 480 3015 magis,
507 2943 583 3015 quod
604 2942 740 3001 videbant
761 2943 914 3016 Virgilium
935 2943 1138 3016 peritissimum
1160 2959 1221 3002 esse
1242 2944 1392 3005 Romanae

209 3027 387 3100 antiquitatis
409 3029 535 3101 istasque
556 3044 602 3086 res
625 3044 642 3088 a
663 3029 776 3102 vulgari
799 3029 918 3086 scicntia
939 3028 1023 3101 longe
1041 3033 1167 3087 remotas
1182 3029 1393 3089 studiosissime

209 3128 347 3185 cognosse
376 3129 535 3186 magnaque
565 3131 628 3170 cum
656 3111 713 3171 fide
742 3114 905 3172 tradidisse.
953 3114 1104 3186 Perspexit
1132 3119 1231 3172 nostro
1259 3120 1392 3188 tempore

207 3197 282 3256 banc
309 3198 423 3256 laudem
444 3199 559 3271 Virgilii
586 3197 692 3272 optime
719 3195 807 3257 hor'no
833 3199 1108 3272 perspicacissimus,
1138 3199 1172 3258 B.
1196 3197 1230 3257 G.
1252 3199 1392 3274 Niebuhr,

210 3298 265 3356 quo
287 3299 378 3356 nuper
400 3282 522 3342 fortasse
544 3301 627 3342 nemo
651 3282 704 3341 luit
726 3285 890 3357 quiveritis
912 3285 1105 3356 eruditiusque
1124 3285 1263 3342 iudicaret
1282 3286 1319 3343 de
1336 3287 1394 3345 boc

207 3374 296 3441 poeta
334 3367 445 3445 (Roem.
463 3368 563 3426 Gescb.
587 3370 609 3427 Ι.
633 3386 660 3442 p.
677 3371 739 3428 218
761 3387 804 3442 sp.
828 3369 873 3428 ed.
895 3373 972 3442 tert,
994 3369 1068 3428 adde
1089 3388 1118 3442 p.
1136 3373 1196 3430 112
1219 3376 1278 3428 not.
1294 3371 1393 3447 317).

208 3455 253 3513 Ita
282 3454 357 3512 enim
383 3469 414 3512 se
441 3469 487 3512 res
513 3454 613 3513 habet:
647 3455 744 3527 magni
771 3454 900 3512 homines
926 3471 1096 3527 magnorum
1127 3455 1272 3514 hominum
1305 3473 1394 3529 prae-

208 3540 342 3598 stantiam
371 3544 399 3597 et
426 3537 563 3598 facillime
584 3539 682 3597 vident
704 3544 732 3598 et
754 3546 913 3612 agnoscunt
934 3539 1127 3599 libentissime.
1171 3540 1229 3600 Res
1249 3541 1340 3614 igitur
1361 3544 1390 3601 in

207 3623 336 3682 Aeneide
364 3629 506 3684 tractatae
533 3641 637 3698 magna
666 3642 701 3682 ex
728 3630 813 3697 parte
839 3630 952 3684 vetusta
980 3630 1010 3683 et
1036 3642 1090 3698 pro
1117 3641 1186 3686 vers
1212 3627 1391 3686 aRomaais

209 3709 318 3768 credita
339 3707 417 3768 fama
439 3710 671 3780 continebantur3
698 3710 764 3769 hinc
786 3711 872 3783 talia,
900 3711 984 3784 quale
1004 3715 1097 3767 Fama
1117 3722 1172 3781 est,
1197 3715 1301 3768 Prisca
1314 3719 1395 3784 fidae

199 3802 299 3868 sacto,
328 3798 356 3850 ai
380 3799 435 3852 rite
460 3800 561 3852 audita
589 3800 734 3866 recordor,
764 3800 849 3853 Hunc
874 3801 997 3867 penitima
1023 3800 1228 3868 accipimus,
1256 3798 1334 3856 adde
1362 3803 1390 3870 5,

209 3881 390 3949 300-302;
419 3885 523 3953 poetae
549 3896 638 3953 opera
659 3881 829 3940 versabatur
855 3879 917 3939 iere
941 3882 972 3938 in
998 3881 1202 3955 componendis
1222 3882 1281 3941 illis
1304 3889 1393 3957 atque

208 3965 389 4024 exornandis.
434 3965 514 4024 Dixi':
537 3983 661 4040 magna
684 3983 724 4024 ex
745 3972 859 4038 parte;
882 3967 1031 4039 numquis
1054 3967 1153 4025 credat
1175 3967 1296 4040 theatra,
1319 3985 1391 4027 nau-

207 4050 347 4122 machias,
376 4056 405 4108 et
432 4067 505 4124 quae
532 4057 596 4109 sunt
622 4049 667 4110 his
696 4051 813 4124 similia,
843 4052 902 4109 iam
928 4052 1025 4124 prisca
1047 4052 1099 4111 illa
1120 4056 1216 4111 aetate
1236 4050 1326 4112 fuisse
1347 4056 1394 4112 in-

208 4133 328 4196 stituta?
373 4135 452 4206 Quae
480 4141 545 4194 sunt
572 4137 619 4209 qui
644 4153 747 4209 parum
775 4138 846 4194 scite
866 4153 885 4195 a
906 4143 994 4209 poeta
1014 4138 1045 4194 in
1067 4154 1181 4196 cmmen
1204 4155 1285 4195 suum
1306 4139 1393 4199 illata

208 4221 313 4280 dicant.
358 4219 414 4280 Sed
436 4219 573 4278 falluntur
595 4220 638 4278 illi
659 4237 725 4280 meo
748 4221 861 4293 quidem
889 4223 1009 4292 iudici03
1041 4224 1185 4295 pertinent
1214 4224 1291 4282 eninr
1318 4224 1394 4284 baec

208 4322 320 4382 quoque
343 4305 381 4364 ad
403 4306 616 4381 illustrandam,
642 4321 715 4379 quae
736 4311 839 4380 postea
860 4307 926 4380 fuit,
949 4306 1190 4381 magnificentiam
1211 4323 1307 4366 rerum
1330 4310 1395 4369 Ro-
