2942 4975
471 293 685 360 auunrnos
708 295 788 360 uun.
811 294 864 360 uv.
983 282 986 300 '
1192 293 1258 365 215

104 484 153 549 335
171 481 388 560 Promeritam;
410 499 470 546 nec
491 497 543 544 me
565 479 748 546 meminisse
768 481 892 564 pigebit
912 481 1046 561 Elissae,
1109 545 1123 559 ,

171 568 249 633 Dum
271 585 393 632 memor
415 566 425 630 i
449 584 484 630 se
505 567 580 645 mei,
604 567 679 630 dum
702 567 833 648 spiritus
855 567 914 632 hos
935 568 1021 648 regit
1042 571 1139 633 artus.

170 654 227 717 Pro
249 671 284 717 re
306 671 409 734 pauca
426 585 552 733 Aequor.
596 651 709 733 Neque
733 670 793 734 ego
816 653 899 718 hanc
922 651 1118 732 abscondere
1140 651 1227 720 furto

170 737 309 820 Speravi,
330 755 372 802 ne
394 735 492 818 finge,
513 736 635 818 fugam,
658 756 718 801 nec
741 737 884 819 coniugis
906 755 1056 820 umquam
1152 746 1155 754 '

169 823 337 888 Praetendi
359 823 471 888 taedas
494 827 550 886 aut
571 821 650 887 haec
672 822 704 886 iu
726 821 859 888 foedera
880 823 962 888 veni.

102 909 152 974 340
170 908 218 973 Me
239 908 266 972 si
287 907 356 973 fata
376 907 456 972 meis
477 911 668 990 paterentur
690 908 808 972 ducere
829 908 928 973 vitam

168 993 320 1076 Auspiciis
343 996 377 1057 et
398 998 513 1075 sponte
536 1011 607 1057 mea
630 1011 811 1075 conponere
833 1011 935 1072 curm,

167 1079 282 1144 Urbem
305 1079 475 1144 Troianam
496 1078 633 1162 primum
657 1079 822 1160 dulcisque
843 1096 988 1145 meorum

166 1164 326 1246 Reliquias
349 1163 502 1244 colerem,
524 1163 642 1232 Priami
664 1167 753 1228 tecta
775 1165 841 1229 alta
862 1168 1039 1244 manerent,

167 1251 207 1315 Et
227 1250 368 1314 recidiva
388 1268 484 1313 manu
506 1249 684 1332 posuissem
706 1250 863 1330 Pergama
884 1249 986 1316 vietis.

99 1333 149 1399 345
168 1334 225 1400 Sed
247 1354 333 1400 nuuc
355 1333 482 1399 Italiam
504 1353 652 1418 magnam
676 1334 822 1416 Gryneus
845 1335 969 1416 Apollo,

166 1419 287 1485 ltaliam
310 1421 427 1503 Lyciae
448 1421 571 1484 iussere
595 1437 762 1502 capessere
784 1425 901 1499 sortes3

165 1505 222 1572 Hic
243 1524 347 1584 amor,
369 1505 447 1570 haec
469 1506 575 1587 patria
597 1510 655 1598 est.
699 1504 733 1570 si
757 1509 791 1569 te
813 1505 1021 1587 Karthaginis
1043 1523 1143 1585 arces,

164 1591 382 1670 Phoenissam,
404 1591 605 1672 Libycaeque
628 1594 777 1672 aspectus
800 1591 924 1656 detinet
946 1591 1044 1670 urbis,

166 1675 247 1754 Quae
270 1677 415 1755 tandem,
438 1675 580 1740 Ausonia
602 1676 745 1742 Teucros
767 1677 934 1740 considere
956 1681 1053 1755 terra,

96 1760 283 1832 abolendis
307 1763 377 1826 est‘?
413 1761 457 1826 Et
478 1780 536 1826 nos
558 1760 607 1825 fas
630 1765 742 1826 extera
763 1779 917 1843 quaerere
939 1780 1048 1844 regna

164 1847 213 1912 Me
234 1847 337 1930 patris
359 1846 531 1924 Anchisae,
554 1847 703 1928 quotiens
725 1845 932 1913 humentibus
954 1845 1075 1911 umbris

162 1931 229 1997 Nox
251 1932 359 2015 operit
380 1935 497 2010 terras,
521 1931 668 2013 quotiens
691 1936 779 1998 astra
800 1933 896 2014 ignea
917 1937 1062 2014 surgunt,

163 2018 322 2085 Admonet
343 2018 376 2082 in
399 2017 518 2082 somnis
542 2021 575 2082 et
597 2017 728 2083 turbide
749 2022 853 2082 terret
874 2018 994 2100 imag03

162 2101 211 2168 Me
232 2121 315 2186 puer
336 2103 493 2168 Ascanius
516 2102 692 2184 capitisque
714 2103 830 2166 iniuria
853 2104 928 2183 cari,

93 2186 143 2250 355
163 2187 259 2264 Quem
281 2207 384 2270 reguo
406 2188 589 2270 Hesperiae
604 2185 718 2252 fraudo
742 2193 777 2254 et
797 2187 948 2252 fatalibus
971 2187 1063 2252 arvis.

161 2273 250 2339 Nunc
273 2274 373 2339 etiam
394 2274 555 2356 interpres
578 2273 696 2353 divom,
719 2273 797 2338 Iove
817 2273 933 2338 missus
956 2273 1087 2355 abipso
1108 2308 1152 2318 -

162 2359 275 2425 Testor
298 2363 470 2440 utrumque
493 2362 589 2440 caput
610 2393 654 2406 —
676 2359 790 2423 celeris
812 2359 964 2424 mandata
984 2375 1044 2441 per
1065 2375 1158 2423 armas

160 2445 297 2526 Detth3
320 2445 388 2529 ipse
412 2445 507 2509 deum
529 2443 698 2510 manifesto
720 2444 896 2510 inlumina
918 2443 983 2510 vidi

159 2531 338 2597 Intrantem
359 2548 484 2610 murosp
503 2548 677 2612 vocemque
698 2531 749 2595 his
772 2531 902 2596 auribus
921 2530 1021 2595 hausi.

91 2612 142 2678 360
159 2616 276 2683 Desine
301 2635 416 2699 meque
438 2616 502 2680 tuis
523 2617 696 2681 incendere
719 2622 817 2699 teque
840 2615 993 2698 querelis:

159 2702 283 2768 Italiam
306 2720 371 2766 nou
394 2704 508 2783 sponte
530 2718 656 2783 sequor.

238 2787 332 2853 Talia
354 2788 514 2852 dicentem
535 2787 720 2851 iamdudum
743 2804 857 2881 aversa
878 2791 998 2866 tuetur,

89 2972 139 3020 quae
154 2958 184 3024 pl.
202 2958 219 3010 f.
237 2960 285 3010 En.
304 2958 382 3009 vales.
400 2986 435 2994 —
453 2957 559 3007 littera
577 2957 683 3007 alterum
707 2974 792 3009 nomen
812 2959 936 3023 Didonis}
976 2954 1036 3009 336.
1060 2959 1187 3024 spiritus,
1214 2959 1254 3009 via

88 3024 164 3090 daha,
180 3044 223 3094 per
235 3042 320 3078 omnes
333 3032 417 3093 partes
430 3042 474 3076 cor
490 3027 541 3076 oris
557 3024 621 3089 fusa,
639 3019 743 3093 θυμός,
761 3027 831 3077 llom.
850 3026 877 3077 ll.
895 3026 937 3091 12,
955 3024 1007 3079 386
1022 3024 1105 3088 „iture
1123 3018 1147 3077 δ’
1168 3018 1253 3077 ὀστέα
1312 3024 1320 3040 “

88 3086 192 3161 θυμός,υ
208 3094 251 3160 22,
270 3093 307 3147 68
325 3094 453 3165 ,ῥεθέων
471 3043 501 3145 Aa
518 3085 617 3161 θυμὸν
635 3092 772 3145 struere
790 3095 850 3146 Tac.
863 3097 925 3146 Aun.
937 3091 978 3158 15,
989 3093 1023 3148 70
1038 3098 1117 3160 „Ann
1130 3094 1253 3158 Lucanus,

87 3166 203 3225 profluente
220 3165 348 3229 sanguiue,
365 3164 408 3213 uhi
426 3162 558 3228 frigescere
576 3164 649 3228 pedes
666 3178 803 3228 manusque
814 3172 840 3215 et
851 3165 970 3231 paulatim
984 3165 1015 3214 ab
1028 3163 1146 3214 extremis
1165 3164 1255 3215 cedere

88 3231 234 3298 spiritum,
255 3232 353 3283 fervido
372 3232 452 3283 adhuc
469 3238 494 3282 et
512 3238 623 3296 compote
642 3232 728 3283 mentis
747 3239 856 3299 pectore,
875 3233 1007 3297 melligir‘
1025 3238 1071 3283 cet.
1088 3233 1146 3283 ibid.
1165 3231 1206 3293 16,
1218 3228 1254 3281 34

86 3300 124 3358 „te
138 3308 223 3352 natura
241 3302 342 3351 animae
359 3306 384 3351 et
402 3300 575 3350 dissociatione
593 3300 728 3366 spiritus
747 3302 961 3367 corporisque
984 3301 1149 3366 inquirebat.“
1178 3300 1253 3350 omo.

87 3363 121 3415 Tr.
136 3367 158 3431 1,
169 3366 192 3433 5,
205 3368 237 3421 11
256 3369 418 3435 „Spiritus
435 3369 459 3418 iu
478 3369 560 3435 tepido
578 3370 678 3419 deseret
695 3384 754 3419 ossa
772 3371 860 3449 νομοίι
887 3370 921 3420 nt
937 3361 1017 3437 ψυχὴ
1035 3371 1098 3435 apud
1112 3368 1252 3429 Homerum,

85 3433 135 3485 tlias
150 3428 329 3507 ἀμειβομένη
347 3434 425 3505 ἕρκος
443 3428 571 3487 ὀδόντων
591 3438 615 3486 iu
638 3445 730 3502 morte,
753 3454 805 3486 κατ
831 3430 993 3505 οὐταμένην
1016 3428 1133 3498 ὠτειλὴν
1156 3430 1248 3487 ἔσσυτ’

85 3498 242 3575 ἐπειγομένη
261 3506 291 3557 ll.
311 3502 352 3569 14,
370 3502 429 3557 518.
448 3506 556 3571 Denique
574 3504 604 3555 cf.
623 3504 647 3568 6,
666 3502 717 3557 726
734 3503 786 3571 sq!
820 3504 880 3558 337.
899 3508 952 3557 Pro
970 3522 1007 3569 re,
1025 3521 1070 3572 pro
1089 3520 1166 3555 eausa
1182 3519 1251 3569 mea3

85 3570 133 3622 sul.
148 3574 198 3639 lug.
216 3572 326 3637 102,12
343 3574 443 3637 „Pauca
461 3588 505 3640 pro
525 3574 612 3624 delicto
631 3589 675 3625 suo
694 3575 773 3625 verba
791 3573 892 3635 facit.“!
926 3570 977 3626 338
989 3590 1025 3639 sq.
1043 3588 1176 3638 numquam
1194 3590 1251 3624 con-

84 3636 135 3702 iugis
150 3645 235 3694 taedas
254 3642 359 3711 (taedas
377 3643 472 3707 iugales
489 3658 510 3693 s.
529 3641 595 3692 faces
614 3643 746 3709 nuptiales,
764 3658 826 3709 quae
843 3650 1025 3709 novaenuptue
1037 3640 1251 3709 praeferebantur,

84 3720 104 3755 v.
118 3708 143 3759 ll.
159 3710 182 3775 8,
200 3709 264 3779 29),
283 3712 300 3761 i.
318 3726 338 3761 e.
357 3712 436 3761 iustas
455 3712 552 3777 nuptias
570 3725 631 3777 prae
649 3726 687 3761 me
705 3712 764 3773 tuli,
789 3714 844 3762 sive
867 3712 978 3776 coniugio
996 3713 1094 3763 iunctus
1110 3711 1156 3761 tibi
1172 3711 1253 3762 videri

84 3776 146 3827 volui.
155 3808 187 3819 -
200 3786 253 3831 aut
264 3780 291 3831 h.
304 3783 320 3830 i.
327 3780 355 3844 s.
368 3795 400 3843 a,
418 3794 462 3829 uec
480 3780 554 3830 tulern
573 3795 619 3845 ego
632 3780 691 3845 petii
702 3775 917 3848 coniunctionem}
951 3776 1011 3831 340.
1029 3782 1095 3830 erreis
1107 3783 1168 3830 Aure
1184 3783 1251 3842 icr'is,

83 3856 126 3894 meo
142 3849 210 3913 quasi
229 3850 315 3911 ductu,
333 3863 388 3898 mea
403 3847 548 3910 voluntate,
569 3864 593 3897 v.
614 3862 653 3898 vs.
672 3845 747 3916 1021
781 3846 833 3900 342
850 3863 887 3914 sq.
902 3850 1034 3915 pmmum,
1052 3864 1077 3898 v.
1095 3847 1120 3912 3,
1174 3846 1198 3899 7.
1216 3876 1252 3886 -

83 3912 194 3979 reliquias
211 3932 349 3977 meorum,
366 3917 383 3967 i.
402 3932 423 3966 e.
441 3916 559 3982 reliquias
579 3932 679 3981 eorum,
703 3933 767 3981 quae
790 3917 837 3967 mei
858 3924 1001 3982 tenuerunt,
1026 3932 1139 3968 eversum
1157 3917 1253 3968 seilicet

83 3984 173 4045 pateam
196 3986 304 4036 colerem
326 3976 539 4054 (ἐπεμελούμην
556 3978 602 4045 ἅν)
625 3986 830 4051 reddendamque
850 4000 971 4037 curarem.
989 4014 1023 4022 -
1046 3992 1197 4050 manerent,
1216 4002 1250 4036 ae.

82 4052 184 4103 restituta
202 4070 218 4104 a
234 4050 298 4123 rna}
331 4050 390 4103 345.
411 4052 487 4120 Geyer.
505 4060 549 4117 A,
566 4070 591 4105 v.
610 4054 639 4103 ll.
657 4050 755 4123 6,,72.Ι
789 4051 849 4105 346.
867 4053 1010 4134 Lycabav.
1028 4049 1159 4175 νο.1433.411
1191 4051 1250 4106 357.

82 4122 217 4189 atramque,
235 4137 318 4173 meum
332 4120 463 4188 actuum!
493 4118 553 4175 358.
570 4138 641 4172 maa.
655 4124 682 4172 r'n
696 4122 771 4187 lam,
790 4121 924 4190 ἔνοργως,
937 4123 968 4174 ef.
978 4121 1003 4187 3,
1015 4120 1090 4191 1514
1160 4122 1183 4173 1.
1200 4138 1252 4173 aon

81 4192 160 4251 monte
176 4206 239 4241 cave
258 4196 330 4257 putes
349 4206 404 4241 esse
421 4191 446 4240 id
466 4192 529 4255 quod
547 4188 673 4258 invitaet}
706 4188 835 4243 362-64.
854 4191 1008 4260 Responsum
1019 4195 1117 4243 Aeneae
1129 4192 1250 4254 sedatum,

81 4268 148 4315 grave
165 4274 194 4309 ac
211 4259 280 4322 tale,
297 4260 370 4324 quale
387 4259 484 4309 minime
501 4265 693 4326 exspectaverat
710 4259 787 4323 Dido,
810 4260 917 4312 incendit
934 4277 989 4312 eam
1006 4262 1056 4323 ira,
1074 4274 1153 4325 eaque
1171 4258 1250 4325 primo

80 4323 145 4385 signu
166 4328 217 4393 spei
240 4326 381 4378 frustratae
403 4328 601 4380 convenientibus
624 4342 651 4378 ac
672 4325 778 4396 prodit}
824 4326 883 4379 362.
912 4344 1006 4381 cumea
1029 4332 1048 4379 t.
1055 4365 1063 4392 ,
1090 4327 1195 4393 obliquis
1219 4342 1250 4377 ac
