2942 4975
230 338 276 403 ce
489 322 496 329 “
607 311 1061 399 r.v1ncn1uuu0ms'

299 524 421 589 ¹Binae
443 540 551 601 aurea,
574 521 693 602 duplici
714 524 868 602 aptantur
891 520 1033 585 dentalia
1055 521 1158 586 dorso.

322 608 473 675 Caeditur
495 612 529 672 et
550 606 626 673 tilia
642 611 717 670 ante
740 606 815 687 iugo
837 606 931 683 leviS,
954 606 1084 687 altaque
1106 605 1198 687 fagus
1268 610 1273 616 '

322 694 487 775 Stivaque,
509 710 591 774 quae
615 709 728 756 currus
749 711 769 756 a
789 696 883 772 tergo
906 696 1058 772 torqueat
1077 692 1173 769 imm,

236 780 299 845 175
321 782 365 845 Et
387 796 542 860 suspensa
563 776 642 842 iocis
666 776 812 857 explorat
832 776 950 841 robora
970 775 1085 841 fumus.
1166 794 1169 798 ·

298 902 300 915 =
411 865 543 929 Possum
566 863 669 933 multa
690 861 750 925 tibi
770 866 917 927 veterum
938 867 1112 943 praecepta
1129 860 1276 942 referre

257 1030 260 1037 Ι
320 951 362 1016 Ni
384 948 504 1029 refugis
527 946 698 1028 tenuisque
719 947 810 1028 piget
831 964 1025 1027 cognoscere
1048 965 1149 1013 curas.

320 1038 407 1101 Area
428 1053 499 1098 cum
521 1032 631 1115 primis
652 1032 777 1113 ingenti
799 1032 966 1113 aequanda
988 1032 1131 1113 cylindro

320 1122 365 1186 Et
385 1119 542 1184 vertenda
565 1136 660 1183 mauu
678 1122 717 1183 et
740 1123 830 1182 creta
849 1117 1017 1183 solidanda
1038 1117 1153 1195 tenaci,

236 1210 300 1273 180
322 1206 372 1270 Ne
395 1204 531 1269 subeant
552 1202 686 1281 herbae,
709 1220 773 1267 neu
794 1203 927 1285 pulvere
949 1203 1035 1267 victa
1056 1201 1194 1282 fatiscat,

322 1292 405 1355 Tum
426 1289 533 1353 variae
555 1288 703 1353 inludent
724 1293 847 1369 pestes:
870 1306 968 1369 saepe
991 1288 1217 1369 exiguusmus

322 1376 389 1440 Sub
412 1374 507 1439 terris
530 1374 699 1456 posuitque
721 1375 832 1438 domos
855 1378 953 1455 atque
975 1373 1092 1439 horrea
1112 1372 1204 1452 fecit,
1266 1393 1268 1398 ·

130 1483 131 1486 ¹
226 1489 228 1523 :
316 1462 388 1526 'Aut
411 1460 512 1525 oculis
535 1459 620 1541 capti
642 1457 754 1523 fodere
777 1458 895 1524 'cubilia
914 1459 1034 1539 talpae;
1066 1516 1069 1521 .

322 1547 538 1626 Inventusque
563 1545 647 1609 cavis
670 1543 746 1609 bufo
770 1549 803 1608 et
825 1562 906 1624 quae
928 1543 1195 1624 plurimaterrae

190 1702 191 1713 ,
238 1634 301 1698 185
323 1632 469 1696 Monstra
490 1629 621 1708 ierunt3'
634 1630 831 1711 populatque
852 1628 1018 1712 ingentem
1039 1627 1133 1693 farris
1156 1647 1307 1693 acervum

324 1716 472 1781 Curculio
496 1720 598 1797 atque
615 1715 702 1796 inopi
724 1720 874 1780 metuens
896 1713 1030 1779 formica
1051 1718 1211 1796 senectae.
1288 1736 1293 1743 ’

325 1800 567 1881 Contemplator
588 1800 680 1878 item,
704 1819 776 1865 cum
798 1819 833 1866 se
855 1818 919 1865 nux
941 1799 1078 1881 plurima
1099 1798 1188 1864 silvis

322 1886 494 1956 Inductin
515 1884 627 1951 dorem
651 1891 684 1951 et
705 1904 810 1951 ramos
832 1885 978 1958 curvabit
1000 1884 1131 1949 olentis:

324 1973 358 2037 si
379 1976 534 2053 superent
555 1970 655 2049 letne,
678 1972 801 2052 pariter
822 1970 984 2045 frumenta
1004 1974 1189 2052 sequentur,

239 2060 303 2123 190
323 2059 503 2139 Magnaque
527 2074 598 2121 cum
620 2075 736 2137 magno
758 2055 868 2120 veniet
889 2055 1006 2138 tritura
1028 2055 1147 2135 calore,

323 2146 367 2209 At
387 2142 416 2207 si
438 2142 565 2207 luxuria
584 2140 734 2206 foliorum
757 2142 912 2206 exuberat
933 2140 1055 2219 umbra,
1087 2206 1092 2215 ,
1168 2201 1171 2206 .

323 2228 526 2310 Nequiquam
547 2227 673 2309 pinguis
695 2227 790 2309 palea
810 2231 897 2291 teret
919 2245 996 2291 area
1018 2227 1146 2290 culmos„

325 2314 454 2397 Seruine
474 2312 539 2377 vidi
563 2312 710 2394 equidem
732 2313 852 2396 multos
873 2312 1034 2375 medicare
1055 2310 1192 2375 serentis

324 2402 367 2465 Et
387 2399 474 2463 nitro
496 2399 585 2481 prius
609 2402 642 2462 et
663 2398 757 2481 nigra
777 2396 971 2479 perfundere
993 2415 1132 2479 amurga,

236 2605 314 2640 crure
331 2589 420 2653 lignea,
438 2589 527 2653 quibus
546 2593 658 2638 extreme
675 2587 744 2638 buris
761 2586 1040 2656 immissa,-quibusque
1056 2587 1081 2637 iu
1099 2586 1146 2636 fine
1163 2584 1310 2636 coeuntibus
1327 2582 1417 2634 ferrens
1458 2562 1459 2605 3

237 2660 302 2708 dens
314 2657 422 2709 vomeris
440 2657 566 2718 inductum
592 2656 630 2705 bis
648 2655 769 2706 tribuitur
786 2655 931 2718 dorsum,
954 2652 1020 2719 quod
1043 2654 1151 2706 vomeris
1175 2654 1237 2704 deus
1260 2653 1361 2703 indimus
1383 2657 1419 2700 eet
1458 2676 1459 2679 ¹

237 2727 337 2777 illorum
354 2729 482 2774 extremae
516 2724 566 2774 arti
577 2722 648 2774 velut
659 2723 742 2788 capiti,
761 2738 777 2771 a
789 2739 846 2787 quo,
863 2724 927 2774 utin
939 2724 1017 2788 equis,
1035 2723 1124 2784 tauris,
1142 2725 1189 2776 cc't.
1208 2721 1310 2786 longum
1321 2723 1419 2771 dorsum

239 2789 420 2861 protenditur}
455 2739 515 2844 1Ὶὲ
533 2795 602 2856 aute,
621 2787 796 2852 cl.vs.167.l
830 2787 889 2842 173.
907 2794 971 2857 iugo
982 2791 1051 2854 bum,
1068 2792 1123 2842 leve
1140 2791 1244 2856 ideoque
1262 2791 1321 2854 iugo
1338 2797 1419 2856 aptum

238 2863 339 2926 liguum.
354 2889 389 2898 -
400 2861 494 2926 fagur
512 2859 640 2926 Sticteque,
659 2861 676 2910 i.
688 2876 710 2910 e.
728 2860 797 2911 stiva
813 2860 919 2924 faginea,
937 2877 958 2910 s.
976 2861 1089 2912 caeditur
1105 2858 1187 2924 fagus,
1204 2860 1271 2908 uude
1287 2859 1356 2910 stiva
1370 2859 1419 2908 liat

240 2931 334 2981 Crebro
353 2929 472 2993 Virgilius
490 2929 536 2979 tuli
553 2929 634 2979 utitur
651 2929 790 2996 epexegesi,
813 2930 867 2980 sive
890 2930 995 2981 bendiad
1015 2945 1030 2978 u
1047 2928 1174 2996 appellare
1190 2927 1281 2989 mavis,
1305 2933 1334 2979 ut
1351 2927 1379 2978 li.
1397 2924 1419 2987 2,

237 2996 270 3048 8:
289 2999 398 3049 umbrae
416 3002 443 3048 et
453 2997 579 3062 frigora,
596 2998 613 3049 i.
626 3013 647 3048 e.
665 2998 768 3048 umbras
780 2995 899 3062 frigidm
918 2995 948 3048 G.
963 2946 1062 3058 nite:
1079 2997 1265 3048 ecolimenses
1283 3001 1310 3046 ct
1325 2996 1420 3056 setara,

239 3069 310 3130 signa
328 3066 446 3118 caelestia
464 3081 560 3117 meuses
578 3073 603 3116 et
615 3071 785 3132 tempestatem
797 3067 921 3130 tegedum
939 3063 1039 3129 2192:
1054 3068 1157 3133 pateris
1175 3063 1289 3115 libamus
1305 3069 1332 3114 et
1349 3079 1419 3125 auro,

239 3137 255 3185 i
274 3151 294 3185 e.
312 3135 407 3202 pateris
425 3135 520 3195 curcis;
539 3135 572 3186 ib.
584 3133 650 3186 477:
669 3135 737 3186 caeli
751 3137 808 3185 vias
826 3140 853 3185 et
867 3134 967 3197 seuera,
985 3135 1001 3184 i.
1014 3151 1036 3185 e.
1055 3149 1154 3184 cursum
1172 3134 1282 3189 siderum
1299 3133 1324 3184 iu
1342 3133 1419 3191 caelo,
1458 3146 1459 3155 ¹

240 3201 305 3256 486:
332 3202 413 3254 cuer·
436 3207 523 3270 campi
544 3202 738 3271 Spercheosque,
761 3204 777 3254 i.
796 3219 818 3254 e.
842 3203 922 3269 campi
945 3203 1075 3269 Sperchei3
1099 3203 1130 3252 Α.
1149 3199 1173 3262 7,
1193 3198 1255 3252 751:
1272 3202 1375 3267 froude
1398 3204 1420 3250 et
1458 3212 1459 3219 ¹

233 3273 316 3338 felici
332 3276 450 3336 octuplus
468 3272 542 3335 eleba,
565 3272 581 3322 'u
600 3288 622 3322 e.
647 3270 711 3323 felici
729 3273 812 3327 olivae
833 3265 941 3340 froude}
976 3261 1034 3324 174.
1052 3271 1124 3322 Stivu
1141 3285 1216 3335 quam
1233 3276 1319 3321 teneus
1337 3276 1421 3320 erutor

241 3343 307 3405 regit
324 3347 350 3390 et
367 3341 414 3390 vel⁴
425 3340 518 3392 attollit
534 3341 575 3391 vel
593 3341 707 3407 deprimit
723 3347 845 3392 aratrum.
857 3367 893 3378 -
909 3355 1021 3403 „currus
1039 3340 1104 3390 dixit
1120 3346 1194 3405 poeta
1212 3347 1315 3405 prepter
1331 3354 1421 3388 morem
1458 3354 1459 3361 ¹

239 3409 383 3476 provinciae
406 3424 475 3471 suec,
499 3409 522 3458 iu
549 3424 597 3474 qua
621 3417 708 3461 aratra
732 3410 824 3461 babent
846 3410 943 3471 rums,“
965 3409 1076 3460 Servius.
1094 3434 1129 3446 —-
1146 3407 1196 3458 Alii
1214 3407 1336 3471 Sticue,
1360 3423 1422 3473 quae

190 3472 192 3478 ’
242 3472 385 3547 cesurae}
421 3473 480 3528 175.
499 3479 674 3544 exploratu,
698 3484 804 3544 temptat
827 3477 1019 3544 quodammodo,
1043 3485 1071 3528 ut
1096 3477 1126 3526 dc
1150 3476 1262 3526 bonitate
1284 3477 1346 3540 ligni
1369 3477 1422 3526 iude

239 3553 349 3608 constet,
367 3547 414 3614 nisi
431 3547 493 3596 enim
506 3548 602 3596 firmum
613 3554 640 3597 et
652 3547 756 3613 probum
767 3547 808 3608 sit,
826 3561 974 3596 exarescens
987 3547 1064 3598 rium
1073 3539 1157 3610 aget]
1194 3542 1253 3596 177.
1271 3549 1325 3596 teu.
1338 3560 1422 3606 curas,

241 3616 315 3664 etiam
340 3615 422 3664 tenuia
447 3615 599 3682 illa-opere,
624 3630 687 3680 quue
704 3610 1029 3679 commurmurantes!
1068 3611 1126 3666 178.
1144 3630 1205 3664 cum
1218 3616 1325 3680 prium,
1350 3614 1423 3679 inpri·

242 3683 296 3733 mis.
309 3711 343 3720 -
359 3683 427 3734 Area
444 3691 557 3734 veterum
574 3692 631 3735 erut
648 3685 717 3734 locus
735 3684 759 3733 in
777 3684 830 3751 ipso
842 3690 1025 3749 aucupemus
1042 3689 1068 3733 et
1084 3684 1175 3746 editus,
1193 3697 1243 3747 qua
1260 3689 1353 3733 ventus
1371 3698 1423 3748 per·

241 3754 303 3802 dure
321 3757 416 3816 posset,
441 3752 536 3803 solidus
554 3758 629 3816 etque
646 3749 844 3819 complanatus}
878 3749 936 3803 180.
953 3755 1023 3802 cinci
1039 3752 1142 3818 pulvere
1159 3751 1251 3801 dicium
1269 3765 1345 3813 arce,
1363 3766 1423 3816 quae

242 3820 335 3886 passim
352 3819 376 3868 iu
396 3821 521 3884 pulverem
540 3820 647 3872 solvitur
664 3827 689 3871 et
704 3821 743 3870 itu
760 3818 876 3884 fatiscit!
913 3818 971 3872 181.
986 3827 1081 3886 pestes,
1093 3819 1131 3870 *cl
1148 3816 1173 3880 3,
1187 3815 1247 3870 419.
1266 3847 1298 3856 —
1319 3827 1350 3870 ut
1367 3822 1391 3882 b.
1408 3819 1422 3867 l.

242 3887 416 3955 monosyllaba
433 3903 485 3938 vox
502 3889 527 3938 iu
544 3889 615 3939 exitu
632 3897 721 3949 versus
740 3890 820 3954 positu
840 3896 966 3954 tamquam
980 3888 1301 3952 adumbratexiguitutem
1319 3889 1358 3938 itu
1370 3887 1424 3938 abbi
1458 3920 1459 3925 =

242 3956 340 4022 (divom
354 3959 433 4022 pater
450 3961 529 4022 atquc
545 3958 682 4008 tmuium
700 3957 773 4024 rec)
791 3964 924 4020 augustam
942 3958 1066 4022 quandam
1083 3957 1289 4020 magnitudinem,
1304 3956 1352 4006 ·vel
1368 3971 1423 4020 grs-

243 4026 345 4074 vitatem
370 4039 401 4074 uc
424 4026 518 4092 pondus
542 4023 704 4092 (pmcurnde't
726 4027 802 4076 dumi
817 4024 892 4092 bos),
917 4027 964 4076 vel·
975 4025 1129 4077 altitudinem
1146 4025 1238 4076 silentii
1255 4023 1423 4091 (eremperto
1458 4026 1459 4031 ’

245 4093 305 4144 silet
319 4091 411 4162 ceu),
434 4095 474 4143 vel
492 4093 528 4143 rei
545 4094 669 4158 quandam
693 4093 876 4160 umplimdiuem
902 4093 972 4214 grisii
990 4094 1089 4146 Oceano
1106 4092 1175 4145 Noe·
1193 4129 1200 4156 ‚
1225 4109 1291 4158 quae
1308 4101 1339 4144 ut
1356 4094 1422 4144 varis

189 4204 192 4210 .
243 4168 312 4224 suut,
330 4162 366 4214 ita
384 4162 455 4212 varie
472 4160 582 4212 afficiunt
600 4163 706 4216 animum
724 4163 853 4231 lugentia}
887 4161 901 4212 1

243 4232 336 4282 boreum
354 4257 389 4268 -·
405 4230 479 4295 iuu'gc
493 4229 610 4298 plurimu
627 4231 727 4292 diduci,
745 4233 762 4282 i.
780 4248 802 4282 e.
820 4231 925 4298 plurimo
943 4234 1003 4282 dors
1020 4247 1049 4282 se
1067 4225 1175 4290 induet!
1212 4227 1227 4280 1
1264 4236 1423 4298 ‚superum

243 4300 379 4362 abundum,
396 4313 486 4364 magua
504 4306 543 4350 est
560 4315 588 4350 co
607 4301 640 4362 ia,
658 4297 690 4350 ci.
702 4296 727 4363 2,
739 4296 814 4367 3314
849 4297 908 4352 190.
918 4300 1013 4352 'calore
1028 4301 1096 4363 selis,
1115 4300 1156 4365 qui
1167 4313 1323 4352 exerescere
1334 4299 1424 4352 faciens

243 4315 1350 4437 adstasmurutltriturams192piu3uespalca,normanie-terete,v.2,59.l
1370 4366 1423 4422 193.

922 4162 945 4214 7.
962 4179 1033 4227 nux,
1053 4163 1180 4226 intelliges
1202 4176 1243 4211 um
1263 4163 1369 4225 gdulam
1386 4177 1424 4212 ar·
1458 4196 1459 4199 κ
