<?xml version="1.0" encoding="UTF-8"?>
<!DOCTYPE html PUBLIC "-//W3C//DTD XHTML 1.0 Transitional//EN"
    "http://www.w3.org/TR/xhtml1/DTD/xhtml1-transitional.dtd">
<html xmlns="http://www.w3.org/1999/xhtml" xml:lang="en" lang="en">
 <head>
  <title>
</title>
<meta http-equiv="Content-Type" content="text/html;charset=utf-8" />
  <meta name='ocr-system' content='tesseract 3.04.00' />
  <meta name='ocr-capabilities' content='ocr_page ocr_carea ocr_par ocr_line ocrx_word'/>
</head>
<body>
  <div class='ocr_page' id='page_1' title='image "./carminabreviter00virggoog_0030.png"; bbox 0 0 2942 4975; ppageno 0'>
   <div class='ocr_carea' id='block_1_1' title="bbox 1161 364 1249 405">
    <p class='ocr_par' dir='ltr' id='par_1_1' title="bbox 1161 364 1249 405">
     <span class='ocr_line' id='line_1_1' title="bbox 1161 364 1249 405; baseline -0.011 0"><span class='ocrx_word' id='word_1_1' title='bbox 1161 364 1249 405; x_wconf 79' lang='lat' dir='ltr'><strong>mn</strong></span> 
     </span>
    </p>
   </div>
   <div class='ocr_carea' id='block_1_2' title="bbox 28 529 1298 3848">
    <p class='ocr_par' dir='ltr' id='par_1_2' title="bbox 28 529 1298 3404">
     <span class='ocr_line' id='line_1_2' title="bbox 91 529 1249 605; baseline 0.002 -16"><span class='ocrx_word' id='word_1_2' title='bbox 91 529 177 591; x_wconf 86' lang='lat' dir='ltr'><strong>reiuit</strong></span> <span class='ocrx_word' id='word_1_3' title='bbox 189 530 337 603; x_wconf 82' lang='lat' dir='ltr'><strong>Homerus,</strong></span> <span class='ocrx_word' id='word_1_4' title='bbox 360 530 459 602; x_wconf 86' lang='lat' dir='ltr'><strong>quiex</strong></span> <span class='ocrx_word' id='word_1_5' title='bbox 480 530 564 603; x_wconf 89' lang='lat' dir='ltr'><strong>copia</strong></span> <span class='ocrx_word' id='word_1_6' title='bbox 586 531 732 602; x_wconf 77' lang='lat' dir='ltr'><strong>praesenti</strong></span> <span class='ocrx_word' id='word_1_7' title='bbox 753 534 783 588; x_wconf 92' lang='lat' dir='ltr'><strong>et</strong></span> <span class='ocrx_word' id='word_1_8' title='bbox 803 530 842 589; x_wconf 88' lang='lat' dir='ltr'><strong>ad</strong></span> <span class='ocrx_word' id='word_1_9' title='bbox 863 547 944 589; x_wconf 91' lang='lat' dir='ltr'><strong>usum</strong></span> <span class='ocrx_word' id='word_1_10' title='bbox 965 531 1097 605; x_wconf 86' lang='lat' dir='ltr'><strong>exposita</strong></span> <span class='ocrx_word' id='word_1_11' title='bbox 1117 536 1249 604; x_wconf 76' lang='lat' dir='ltr'>sumeret,</span> 
     </span>
     <span class='ocr_line' id='line_1_3' title="bbox 91 615 1250 688; baseline 0.001 -13"><span class='ocrx_word' id='word_1_12' title='bbox 91 618 176 675; x_wconf 90' lang='lat' dir='ltr'><strong>durior</strong></span> <span class='ocrx_word' id='word_1_13' title='bbox 199 616 328 675; x_wconf 89' lang='lat' dir='ltr'><strong>condicio</strong></span> <span class='ocrx_word' id='word_1_14' title='bbox 349 615 470 688; x_wconf 81' lang='lat' dir='ltr'><strong>Virgilii,</strong></span> <span class='ocrx_word' id='word_1_15' title='bbox 493 616 538 673; x_wconf 92' lang='lat' dir='ltr'><strong>cui</strong></span> <span class='ocrx_word' id='word_1_16' title='bbox 560 616 681 673; x_wconf 86' lang='lat' dir='ltr'><strong>materia</strong></span> <span class='ocrx_word' id='word_1_17' title='bbox 703 632 739 673; x_wconf 86' lang='lat' dir='ltr'><strong>ex</strong></span> <span class='ocrx_word' id='word_1_18' title='bbox 754 616 842 673; x_wconf 89' lang='lat' dir='ltr'><strong>variis</strong></span> <span class='ocrx_word' id='word_1_19' title='bbox 863 618 1080 676; x_wconf 89' lang='lat' dir='ltr'><strong>veterrimorum</strong></span> <span class='ocrx_word' id='word_1_20' title='bbox 1101 623 1250 676; x_wconf 85' lang='lat' dir='ltr'><strong>auctorum</strong></span> 
     </span>
     <span class='ocr_line' id='line_1_4' title="bbox 90 698 1249 775; baseline 0.002 -16"><span class='ocrx_word' id='word_1_21' title='bbox 90 702 258 773; x_wconf 72' lang='lat' dir='ltr'><strong>monumentis</strong></span> <span class='ocrx_word' id='word_1_22' title='bbox 284 700 451 775; x_wconf 76' lang='lat' dir='ltr'><strong>priscaeque</strong></span> <span class='ocrx_word' id='word_1_23' title='bbox 478 698 572 759; x_wconf 86' lang='lat' dir='ltr'><strong>famae</strong></span> <span class='ocrx_word' id='word_1_24' title='bbox 601 699 776 759; x_wconf 78' lang='lat' dir='ltr'><strong>obscuritate</strong></span> <span class='ocrx_word' id='word_1_25' title='bbox 802 702 964 775; x_wconf 87' lang='lat' dir='ltr'><strong>colligenda</strong></span> <span class='ocrx_word' id='word_1_26' title='bbox 989 708 1073 761; x_wconf 72' lang='lat' dir='ltr'><strong>emet.</strong></span> <span class='ocrx_word' id='word_1_27' title='bbox 1121 703 1249 761; x_wconf 86' lang='lat' dir='ltr'><strong>Plurima</strong></span> 
     </span>
     <span class='ocr_line' id='line_1_5' title="bbox 92 784 1249 859; baseline -0.001 -13"><span class='ocrx_word' id='word_1_28' title='bbox 92 792 170 847; x_wconf 89' lang='lat' dir='ltr'><strong>autem</strong></span> <span class='ocrx_word' id='word_1_29' title='bbox 194 787 223 845; x_wconf 90' lang='lat' dir='ltr'><strong>in</strong></span> <span class='ocrx_word' id='word_1_30' title='bbox 244 784 373 845; x_wconf 83' lang='lat' dir='ltr'><strong>Aeneide</strong></span> <span class='ocrx_word' id='word_1_31' title='bbox 399 784 433 843; x_wconf 86' lang='lat' dir='ltr'><strong>fit</strong></span> <span class='ocrx_word' id='word_1_32' title='bbox 460 786 566 843; x_wconf 88' lang='lat' dir='ltr'><strong>mentio</strong></span> <span class='ocrx_word' id='word_1_33' title='bbox 590 784 759 845; x_wconf 87' lang='lat' dir='ltr'><strong>Troioarum</strong></span> <span class='ocrx_word' id='word_1_34' title='bbox 784 802 880 845; x_wconf 91' lang='lat' dir='ltr'><strong>rerum</strong></span> <span class='ocrx_word' id='word_1_35' title='bbox 902 791 932 845; x_wconf 92' lang='lat' dir='ltr'><strong>et</strong></span> <span class='ocrx_word' id='word_1_36' title='bbox 952 787 1127 847; x_wconf 87' lang='lat' dir='ltr'><strong>Italicarum.</strong></span> <span class='ocrx_word' id='word_1_37' title='bbox 1171 788 1249 859; x_wconf 85' lang='lat' dir='ltr'><strong>illas,</strong></span> 
     </span>
     <span class='ocr_line' id='line_1_6' title="bbox 91 870 1250 946; baseline 0 -15"><span class='ocrx_word' id='word_1_38' title='bbox 91 873 204 946; x_wconf 82' lang='lat' dir='ltr'><strong>lhoicas,</strong></span> <span class='ocrx_word' id='word_1_39' title='bbox 232 872 387 945; x_wconf 77' lang='lat' dir='ltr'><strong>explicanti</strong></span> <span class='ocrx_word' id='word_1_40' title='bbox 414 876 531 943; x_wconf 87' lang='lat' dir='ltr'><strong>praeter</strong></span> <span class='ocrx_word' id='word_1_41' title='bbox 552 870 709 929; x_wconf 87' lang='lat' dir='ltr'><strong>Homerum</strong></span> <span class='ocrx_word' id='word_1_42' title='bbox 735 876 852 944; x_wconf 88' lang='lat' dir='ltr'><strong>praesto</strong></span> <span class='ocrx_word' id='word_1_43' title='bbox 878 870 994 931; x_wconf 80' lang='lat' dir='ltr'><strong>fuerunt</strong></span> <span class='ocrx_word' id='word_1_44' title='bbox 1020 874 1120 945; x_wconf 87' lang='lat' dir='ltr'><strong>cyclici</strong></span> <span class='ocrx_word' id='word_1_45' title='bbox 1146 878 1250 946; x_wconf 89' lang='lat' dir='ltr'><strong>poetae</strong></span> 
     </span>
     <span class='ocr_line' id='line_1_7' title="bbox 91 947 1249 1034; baseline 0 -19"><span class='ocrx_word' id='word_1_46' title='bbox 91 958 177 1034; x_wconf 84' lang='lat' dir='ltr'><strong>(totum</strong></span> <span class='ocrx_word' id='word_1_47' title='bbox 197 956 310 1029; x_wconf 88' lang='lat' dir='ltr'><strong>orbem,</strong></span> <span class='ocrx_word' id='word_1_48' title='bbox 325 947 463 1029; x_wconf 57' lang='lat' dir='ltr'><strong>,adalam</strong></span> <span class='ocrx_word' id='word_1_49' title='bbox 494 972 592 1015; x_wconf 90' lang='lat' dir='ltr'><strong>earum</strong></span> <span class='ocrx_word' id='word_1_50' title='bbox 613 972 707 1013; x_wconf 91' lang='lat' dir='ltr'><strong>rerum</strong></span> <span class='ocrx_word' id='word_1_51' title='bbox 731 957 887 1029; x_wconf 89' lang='lat' dir='ltr'><strong>complexi,</strong></span> <span class='ocrx_word' id='word_1_52' title='bbox 914 974 987 1030; x_wconf 92' lang='lat' dir='ltr'><strong>quae</strong></span> <span class='ocrx_word' id='word_1_53' title='bbox 1011 959 1056 1016; x_wconf 87' lang='lat' dir='ltr'><strong>vel</strong></span> <span class='ocrx_word' id='word_1_54' title='bbox 1083 959 1122 1017; x_wconf 91' lang='lat' dir='ltr'><strong>ad</strong></span> <span class='ocrx_word' id='word_1_55' title='bbox 1149 974 1249 1016; x_wconf 89' lang='lat' dir='ltr'><strong>causas</strong></span> 
     </span>
     <span class='ocr_line' id='line_1_8' title="bbox 89 1042 1249 1116; baseline 0.003 -17"><span class='ocrx_word' id='word_1_56' title='bbox 89 1044 125 1100; x_wconf 80' lang='lat' dir='ltr'><strong>vel</strong></span> <span class='ocrx_word' id='word_1_57' title='bbox 150 1042 188 1101; x_wconf 87' lang='lat' dir='ltr'><strong>ad</strong></span> <span class='ocrx_word' id='word_1_58' title='bbox 208 1044 310 1116; x_wconf 88' lang='lat' dir='ltr'><strong>priora</strong></span> <span class='ocrx_word' id='word_1_59' title='bbox 338 1048 367 1099; x_wconf 91' lang='lat' dir='ltr'><strong>et</strong></span> <span class='ocrx_word' id='word_1_60' title='bbox 396 1042 435 1099; x_wconf 96' lang='lat' dir='ltr'><strong>ad</strong></span> <span class='ocrx_word' id='word_1_61' title='bbox 462 1045 601 1099; x_wconf 80' lang='lat' dir='ltr'><strong>extrema¹</strong></span> <span class='ocrx_word' id='word_1_62' title='bbox 616 1046 749 1113; x_wconf 86' lang='lat' dir='ltr'><strong>tempora</strong></span> <span class='ocrx_word' id='word_1_63' title='bbox 774 1042 844 1099; x_wconf 89' lang='lat' dir='ltr'><strong>belli</strong></span> <span class='ocrx_word' id='word_1_64' title='bbox 871 1042 1001 1115; x_wconf 88' lang='lat' dir='ltr'><strong>Troiani,</strong></span> <span class='ocrx_word' id='word_1_65' title='bbox 1030 1044 1076 1101; x_wconf 82' lang='lat' dir='ltr'><strong>vel</strong></span> <span class='ocrx_word' id='word_1_66' title='bbox 1103 1044 1142 1101; x_wconf 91' lang='lat' dir='ltr'><strong>ad</strong></span> <span class='ocrx_word' id='word_1_67' title='bbox 1167 1060 1249 1101; x_wconf 87' lang='lat' dir='ltr'><strong>casus</strong></span> 
     </span>
     <span class='ocr_line' id='line_1_9' title="bbox 90 1125 1251 1205; baseline 0 -20"><span class='ocrx_word' id='word_1_68' title='bbox 90 1144 170 1185; x_wconf 89' lang='lat' dir='ltr'><strong>eorum</strong></span> <span class='ocrx_word' id='word_1_69' title='bbox 191 1127 381 1201; x_wconf 79' lang='lat' dir='ltr'><strong>pertinebant,</strong></span> <span class='ocrx_word' id='word_1_70' title='bbox 405 1129 453 1200; x_wconf 91' lang='lat' dir='ltr'><strong>qui</strong></span> <span class='ocrx_word' id='word_1_71' title='bbox 474 1128 540 1185; x_wconf 75' lang='lat' dir='ltr'><strong>hiric</strong></span> <span class='ocrx_word' id='word_1_72' title='bbox 560 1126 637 1183; x_wconf 94' lang='lat' dir='ltr'><strong>bello</strong></span> <span class='ocrx_word' id='word_1_73' title='bbox 652 1125 864 1202; x_wconf 87' lang='lat' dir='ltr'><strong>interfuerant),</strong></span> <span class='ocrx_word' id='word_1_74' title='bbox 885 1133 918 1186; x_wconf 92' lang='lat' dir='ltr'><strong>ut</strong></span> <span class='ocrx_word' id='word_1_75' title='bbox 931 1128 1066 1185; x_wconf 89' lang='lat' dir='ltr'><strong>Arctinas</strong></span> <span class='ocrx_word' id='word_1_76' title='bbox 1081 1126 1251 1205; x_wconf 73' lang='grc' dir='ltr'><strong>(Αἰθιοπὶς</strong></span> 
     </span>
     <span class='ocr_line' id='line_1_10' title="bbox 89 1203 1250 1293; baseline 0 -22"><span class='ocrx_word' id='word_1_77' title='bbox 89 1220 111 1271; x_wconf 91' lang='lat' dir='ltr'><strong>et</strong></span> <span class='ocrx_word' id='word_1_78' title='bbox 127 1208 209 1273; x_wconf 77' lang='lat' dir='ltr'><strong>&#39;Illos</strong></span> <span class='ocrx_word' id='word_1_79' title='bbox 224 1209 352 1293; x_wconf 70' lang='grc' dir='ltr'><strong>κέρως),</strong></span> <span class='ocrx_word' id='word_1_80' title='bbox 375 1212 498 1271; x_wconf 87' lang='lat' dir='ltr'><strong>Lescbes</strong></span> <span class='ocrx_word' id='word_1_81' title='bbox 515 1205 621 1289; x_wconf 78' lang='grc' dir='ltr'><strong>(Ἰλιὰς</strong></span> <span class='ocrx_word' id='word_1_82' title='bbox 633 1203 752 1291; x_wconf 81' lang='grc' dir='ltr'><strong>μικρά),</strong></span> <span class='ocrx_word' id='word_1_83' title='bbox 774 1212 866 1285; x_wconf 89' lang='lat' dir='ltr'><strong>Agias</strong></span> <span class='ocrx_word' id='word_1_84' title='bbox 881 1204 1036 1289; x_wconf 83' lang='grc' dir='ltr'>(Νόστοι),</span> <span class='ocrx_word' id='word_1_85' title='bbox 1058 1216 1107 1286; x_wconf 91' lang='lat' dir='ltr'><strong>qui</strong></span> <span class='ocrx_word' id='word_1_86' title='bbox 1128 1230 1186 1272; x_wconf 92' lang='lat' dir='ltr'><strong>non</strong></span> <span class='ocrx_word' id='word_1_87' title='bbox 1208 1214 1250 1271; x_wconf 90' lang='lat' dir='ltr'><strong>ita</strong></span> 
     </span>
     <span class='ocr_line' id='line_1_11' title="bbox 90 1292 1249 1374; baseline 0.002 -19"><span class='ocrx_word' id='word_1_88' title='bbox 90 1300 161 1355; x_wconf 89' lang='lat' dir='ltr'><strong>multo</strong></span> <span class='ocrx_word' id='word_1_89' title='bbox 181 1304 246 1371; x_wconf 88' lang='lat' dir='ltr'><strong>post</strong></span> <span class='ocrx_word' id='word_1_90' title='bbox 267 1298 425 1357; x_wconf 88' lang='lat' dir='ltr'><strong>Homerum</strong></span> <span class='ocrx_word' id='word_1_91' title='bbox 447 1296 574 1370; x_wconf 88' lang='lat' dir='ltr'><strong>fuerunt,</strong></span> <span class='ocrx_word' id='word_1_92' title='bbox 604 1302 665 1354; x_wconf 90' lang='lat' dir='ltr'><strong>tum</strong></span> <span class='ocrx_word' id='word_1_93' title='bbox 687 1296 879 1370; x_wconf 87' lang='lat' dir='ltr'><strong>Stesichorus,</strong></span> <span class='ocrx_word' id='word_1_94' title='bbox 905 1300 1012 1370; x_wconf 90' lang='lat' dir='ltr'><strong>lyricus</strong></span> <span class='ocrx_word' id='word_1_95' title='bbox 1033 1304 1120 1371; x_wconf 91' lang='lat' dir='ltr'><strong>poeta</strong></span> <span class='ocrx_word' id='word_1_96' title='bbox 1144 1292 1249 1374; x_wconf 76' lang='grc' dir='ltr'>(Ἰλίου</span> 
     </span>
     <span class='ocr_line' id='line_1_12' title="bbox 89 1379 1249 1463; baseline 0.002 -24"><span class='ocrx_word' id='word_1_97' title='bbox 89 1379 195 1463; x_wconf 70' lang='grc' dir='ltr'><strong>κέρως),</strong></span> <span class='ocrx_word' id='word_1_98' title='bbox 221 1400 313 1457; x_wconf 92' lang='lat' dir='ltr'><strong>porro</strong></span> <span class='ocrx_word' id='word_1_99' title='bbox 336 1383 422 1441; x_wconf 89' lang='lat' dir='ltr'><strong>etiam</strong></span> <span class='ocrx_word' id='word_1_100' title='bbox 443 1400 515 1441; x_wconf 92' lang='lat' dir='ltr'><strong>unus</strong></span> <span class='ocrx_word' id='word_1_101' title='bbox 538 1388 567 1441; x_wconf 90' lang='lat' dir='ltr'><strong>et</strong></span> <span class='ocrx_word' id='word_1_102' title='bbox 589 1382 663 1441; x_wconf 92' lang='lat' dir='ltr'><strong>alter</strong></span> <span class='ocrx_word' id='word_1_103' title='bbox 684 1380 807 1443; x_wconf 80' lang='lat' dir='ltr'><strong>fortasse</strong></span> <span class='ocrx_word' id='word_1_104' title='bbox 829 1400 845 1441; x_wconf 94' lang='lat' dir='ltr'><strong>e</strong></span> <span class='ocrx_word' id='word_1_105' title='bbox 866 1401 984 1443; x_wconf 87' lang='lat' dir='ltr'><strong>numero</strong></span> <span class='ocrx_word' id='word_1_106' title='bbox 1007 1385 1249 1457; x_wconf 87' lang='lat' dir='ltr'><strong>logographorum</strong></span> 
     </span>
     <span class='ocr_line' id='line_1_13' title="bbox 29 1468 1248 1542; baseline 0.002 -17"><span class='ocrx_word' id='word_1_107' title='bbox 29 1530 30 1539; x_wconf 48' lang='lat'><strong>,</strong></span> <span class='ocrx_word' id='word_1_108' title='bbox 89 1486 218 1541; x_wconf 88' lang='lat' dir='ltr'><strong>rerumque</strong></span> <span class='ocrx_word' id='word_1_109' title='bbox 240 1468 402 1527; x_wconf 84' lang='lat' dir='ltr'><strong>Sicularum</strong></span> <span class='ocrx_word' id='word_1_110' title='bbox 423 1469 592 1540; x_wconf 86' lang='lat' dir='ltr'><strong>scriptores,</strong></span> <span class='ocrx_word' id='word_1_111' title='bbox 616 1468 738 1540; x_wconf 90' lang='lat' dir='ltr'><strong>denique</strong></span> <span class='ocrx_word' id='word_1_112' title='bbox 759 1469 864 1542; x_wconf 79' lang='lat' dir='ltr'><strong>tragici</strong></span> <span class='ocrx_word' id='word_1_113' title='bbox 885 1474 915 1527; x_wconf 91' lang='lat' dir='ltr'><strong>et</strong></span> <span class='ocrx_word' id='word_1_114' title='bbox 936 1468 1040 1527; x_wconf 86' lang='lat' dir='ltr'><strong>Graeci</strong></span> <span class='ocrx_word' id='word_1_115' title='bbox 1061 1475 1090 1526; x_wconf 89' lang='lat' dir='ltr'><strong>et</strong></span> <span class='ocrx_word' id='word_1_116' title='bbox 1112 1471 1161 1541; x_wconf 91' lang='lat' dir='ltr'><strong>qui</strong></span> <span class='ocrx_word' id='word_1_117' title='bbox 1182 1470 1248 1527; x_wconf 90' lang='lat' dir='ltr'><strong>illos</strong></span> 
     </span>
     <span class='ocr_line' id='line_1_14' title="bbox 90 1552 1249 1629; baseline 0 -18"><span class='ocrx_word' id='word_1_118' title='bbox 90 1560 269 1627; x_wconf 81' lang='lat' dir='ltr'><strong>expresserunt</strong></span> <span class='ocrx_word' id='word_1_119' title='bbox 291 1559 402 1613; x_wconf 84' lang='lat' dir='ltr'><strong>veteres</strong></span> <span class='ocrx_word' id='word_1_120' title='bbox 424 1554 557 1611; x_wconf 89' lang='lat' dir='ltr'><strong>Romani.</strong></span> <span class='ocrx_word' id='word_1_121' title='bbox 601 1552 809 1629; x_wconf 88' lang='lat' dir='ltr'><strong>(Adiungerem</strong></span> <span class='ocrx_word' id='word_1_122' title='bbox 829 1553 1025 1626; x_wconf 78' lang='lat' dir='ltr'><strong>Callisthenis,</strong></span> <span class='ocrx_word' id='word_1_123' title='bbox 1047 1556 1160 1613; x_wconf 90' lang='lat' dir='ltr'><strong>comitis</strong></span> <span class='ocrx_word' id='word_1_124' title='bbox 1181 1554 1249 1611; x_wconf 82' lang='lat' dir='ltr'><strong>Ale</strong></span> 
     </span>
     <span class='ocr_line' id='line_1_15' title="bbox 89 1637 1248 1712; baseline 0.001 -15"><span class='ocrx_word' id='word_1_125' title='bbox 89 1640 173 1699; x_wconf 84' lang='lat' dir='ltr'><strong>xandri</strong></span> <span class='ocrx_word' id='word_1_126' title='bbox 197 1640 251 1712; x_wconf 76' lang='lat' dir='ltr'><strong>M,</strong></span> <span class='ocrx_word' id='word_1_127' title='bbox 282 1640 423 1711; x_wconf 41' lang='lat' dir='ltr'><strong>bellum,</strong></span> <span class='ocrx_word' id='word_1_128' title='bbox 445 1638 610 1697; x_wconf 88' lang='lat' dir='ltr'><strong>Troicum</strong></span> <span class='ocrx_word' id='word_1_129' title='bbox 638 1654 655 1695; x_wconf 87' lang='lat' dir='ltr'><strong>a</strong></span> <span class='ocrx_word' id='word_1_130' title='bbox 682 1637 820 1699; x_wconf 79' lang='lat' dir='ltr'><strong>Cicerone</strong></span> <span class='ocrx_word' id='word_1_131' title='bbox 846 1640 901 1712; x_wconf 86' lang='lat' dir='ltr'><strong>Ep.</strong></span> <span class='ocrx_word' id='word_1_132' title='bbox 930 1640 968 1698; x_wconf 90' lang='lat' dir='ltr'><strong>ad</strong></span> <span class='ocrx_word' id='word_1_133' title='bbox 994 1638 1076 1699; x_wconf 85' lang='lat' dir='ltr'><strong>Fam.</strong></span> <span class='ocrx_word' id='word_1_134' title='bbox 1105 1642 1133 1712; x_wconf 82' lang='lat' dir='ltr'><strong>b,</strong></span> <span class='ocrx_word' id='word_1_135' title='bbox 1157 1643 1205 1711; x_wconf 82' lang='lat'><strong>12,</strong></span> <span class='ocrx_word' id='word_1_136' title='bbox 1228 1641 1248 1698; x_wconf 81' lang='lat'>2</span> 
     </span>
     <span class='ocr_line' id='line_1_16' title="bbox 88 1724 1250 1798; baseline 0 -17"><span class='ocrx_word' id='word_1_137' title='bbox 88 1730 329 1798; x_wconf 90' lang='lat' dir='ltr'><strong>commemoratum,</strong></span> <span class='ocrx_word' id='word_1_138' title='bbox 351 1740 405 1783; x_wconf 88' lang='lat' dir='ltr'><strong>nec</strong></span> <span class='ocrx_word' id='word_1_139' title='bbox 425 1740 471 1782; x_wconf 92' lang='lat' dir='ltr'><strong>me</strong></span> <span class='ocrx_word' id='word_1_140' title='bbox 493 1724 659 1797; x_wconf 90' lang='lat' dir='ltr'><strong>deterreret,</strong></span> <span class='ocrx_word' id='word_1_141' title='bbox 681 1724 758 1797; x_wconf 90' lang='lat' dir='ltr'><strong>quod</strong></span> <span class='ocrx_word' id='word_1_142' title='bbox 778 1725 856 1783; x_wconf 90' lang='lat' dir='ltr'><strong>idem</strong></span> <span class='ocrx_word' id='word_1_143' title='bbox 870 1724 971 1784; x_wconf 89' lang='lat' dir='ltr'><strong>Cicero</strong></span> <span class='ocrx_word' id='word_1_144' title='bbox 985 1725 1041 1797; x_wconf 83' lang='lat' dir='ltr'><strong>Ep.</strong></span> <span class='ocrx_word' id='word_1_145' title='bbox 1061 1725 1100 1783; x_wconf 89' lang='lat' dir='ltr'><strong>ad</strong></span> <span class='ocrx_word' id='word_1_146' title='bbox 1116 1725 1250 1796; x_wconf 80' lang='lat' dir='ltr'><strong>Quintum</strong></span> 
     </span>
     <span class='ocr_line' id='line_1_17' title="bbox 28 1806 1250 1884; baseline 0 -17"><span class='ocrx_word' id='word_1_147' title='bbox 28 1834 30 1877; x_wconf 59' lang='grc' dir='ltr'><em>ρ</em></span> <span class='ocrx_word' id='word_1_148' title='bbox 88 1808 188 1869; x_wconf 85' lang='lat' dir='ltr'><strong>fratrem</strong></span> <span class='ocrx_word' id='word_1_149' title='bbox 198 1814 225 1884; x_wconf 81' lang='lat'><strong>2,</strong></span> <span class='ocrx_word' id='word_1_150' title='bbox 240 1814 290 1883; x_wconf 87' lang='lat'><strong>13,</strong></span> <span class='ocrx_word' id='word_1_151' title='bbox 304 1808 436 1870; x_wconf 86' lang='lat' dir='ltr'><strong>4scribit</strong></span> <span class='ocrx_word' id='word_1_152' title='bbox 450 1808 654 1883; x_wconf 88' lang='lat' dir='ltr'><strong>„Callisthenes</strong></span> <span class='ocrx_word' id='word_1_153' title='bbox 665 1809 824 1883; x_wconf 78' lang='lat' dir='ltr'><strong>vulgasset</strong></span> <span class='ocrx_word' id='word_1_154' title='bbox 836 1806 936 1869; x_wconf 81' lang='lat' dir='ltr'><strong>notum</strong></span> <span class='ocrx_word' id='word_1_155' title='bbox 945 1812 1100 1884; x_wconf 83' lang='lat' dir='ltr'><strong>negotium,</strong></span> <span class='ocrx_word' id='word_1_156' title='bbox 1114 1809 1250 1883; x_wconf 89' lang='lat' dir='ltr'><strong>quemad·</strong></span> 
     </span>
     <span class='ocr_line' id='line_1_18' title="bbox 88 1894 1250 1970; baseline 0 -19"><span class='ocrx_word' id='word_1_157' title='bbox 88 1896 183 1953; x_wconf 90' lang='lat' dir='ltr'><strong>modurn</strong></span> <span class='ocrx_word' id='word_1_158' title='bbox 204 1897 317 1970; x_wconf 86' lang='lat' dir='ltr'><strong>aliquot</strong></span> <span class='ocrx_word' id='word_1_159' title='bbox 331 1894 435 1953; x_wconf 88' lang='lat' dir='ltr'><strong>Graeci</strong></span> <span class='ocrx_word' id='word_1_160' title='bbox 457 1896 546 1953; x_wconf 85' lang='lat' dir='ltr'><strong>locuti</strong></span> <span class='ocrx_word' id='word_1_161' title='bbox 568 1895 658 1966; x_wconf 88' lang='lat' dir='ltr'><strong>sunt,“</strong></span> <span class='ocrx_word' id='word_1_162' title='bbox 679 1895 734 1953; x_wconf 89' lang='lat' dir='ltr'><strong>nisi</strong></span> <span class='ocrx_word' id='word_1_163' title='bbox 747 1895 983 1953; x_wconf 85' lang='lat' dir='ltr'><strong>verisimillimum</strong></span> <span class='ocrx_word' id='word_1_164' title='bbox 997 1896 1150 1967; x_wconf 86' lang='lat' dir='ltr'><strong>videretur,</strong></span> <span class='ocrx_word' id='word_1_165' title='bbox 1173 1894 1250 1967; x_wconf 92' lang='lat' dir='ltr'><strong>quod</strong></span> 
     </span>
     <span class='ocr_line' id='line_1_19' title="bbox 89 1978 1250 2053; baseline 0.001 -17"><span class='ocrx_word' id='word_1_166' title='bbox 89 1982 189 2039; x_wconf 91' lang='lat' dir='ltr'><strong>coniecit</strong></span> <span class='ocrx_word' id='word_1_167' title='bbox 210 1982 336 2041; x_wconf 90' lang='lat' dir='ltr'><strong>Orellius</strong></span> <span class='ocrx_word' id='word_1_168' title='bbox 359 1980 503 2039; x_wconf 89' lang='lat' dir='ltr'><strong>Onomast.</strong></span> <span class='ocrx_word' id='word_1_169' title='bbox 526 1978 584 2037; x_wconf 91' lang='lat' dir='ltr'><strong>Cic.</strong></span> <span class='ocrx_word' id='word_1_170' title='bbox 607 1980 672 2039; x_wconf 90' lang='lat' dir='ltr'><strong>Vol.</strong></span> <span class='ocrx_word' id='word_1_171' title='bbox 694 1980 731 2037; x_wconf 91' lang='grc' dir='ltr'><strong>Π.</strong></span> <span class='ocrx_word' id='word_1_172' title='bbox 755 1999 784 2053; x_wconf 89' lang='lat' dir='ltr'><strong>p.</strong></span> <span class='ocrx_word' id='word_1_173' title='bbox 808 1984 878 2041; x_wconf 82' lang='lat'>119.</span> <span class='ocrx_word' id='word_1_174' title='bbox 914 1980 1080 2039; x_wconf 77' lang='lat' dir='ltr'><strong>Ciceronem</strong></span> <span class='ocrx_word' id='word_1_175' title='bbox 1103 1981 1250 2053; x_wconf 89' lang='lat' dir='ltr'><strong>scripsisse</strong></span> 
     </span>
     <span class='ocr_line' id='line_1_20' title="bbox 89 2062 1249 2141; baseline 0.001 -20"><span class='ocrx_word' id='word_1_176' title='bbox 89 2068 236 2139; x_wconf 65' lang='lat' dir='ltr'><strong>Galateam,</strong></span> <span class='ocrx_word' id='word_1_177' title='bbox 268 2084 328 2139; x_wconf 91' lang='lat' dir='ltr'><strong>quo</strong></span> <span class='ocrx_word' id='word_1_178' title='bbox 356 2071 468 2138; x_wconf 88' lang='lat' dir='ltr'><strong>spectat</strong></span> <span class='ocrx_word' id='word_1_179' title='bbox 494 2062 669 2137; x_wconf 89' lang='lat' dir='ltr'><strong>Athenaeus,</strong></span> <span class='ocrx_word' id='word_1_180' title='bbox 700 2065 739 2123; x_wconf 90' lang='lat' dir='ltr'><strong>ab</strong></span> <span class='ocrx_word' id='word_1_181' title='bbox 766 2068 830 2139; x_wconf 92' lang='lat' dir='ltr'><strong>ipso</strong></span> <span class='ocrx_word' id='word_1_182' title='bbox 859 2066 907 2124; x_wconf 86' lang='lat' dir='ltr'><strong>0r.</strong></span> <span class='ocrx_word' id='word_1_183' title='bbox 929 2067 1076 2138; x_wconf 88' lang='lat' dir='ltr'><strong>laudatus,</strong></span> <span class='ocrx_word' id='word_1_184' title='bbox 1108 2063 1249 2141; x_wconf 80' lang='lat'><strong>13,·10).</strong></span> 
     </span>
     <span class='ocr_line' id='line_1_21' title="bbox 89 2150 1249 2225; baseline 0.002 -18"><span class='ocrx_word' id='word_1_185' title='bbox 89 2150 255 2225; x_wconf 81' lang='lat' dir='ltr'><strong>Antiquarum</strong></span> <span class='ocrx_word' id='word_1_186' title='bbox 278 2168 377 2211; x_wconf 88' lang='lat' dir='ltr'><strong>rerum</strong></span> <span class='ocrx_word' id='word_1_187' title='bbox 392 2152 559 2209; x_wconf 88' lang='lat' dir='ltr'><strong>Italicarum</strong></span> <span class='ocrx_word' id='word_1_188' title='bbox 580 2151 713 2209; x_wconf 88' lang='lat' dir='ltr'><strong>notitiam</strong></span> <span class='ocrx_word' id='word_1_189' title='bbox 726 2151 865 2225; x_wconf 89' lang='lat' dir='ltr'><strong>Virgilius</strong></span> <span class='ocrx_word' id='word_1_190' title='bbox 886 2152 981 2210; x_wconf 89' lang='lat' dir='ltr'><strong>hausit</strong></span> <span class='ocrx_word' id='word_1_191' title='bbox 1002 2152 1136 2211; x_wconf 84' lang='lat' dir='ltr'><strong>eNaevii</strong></span> <span class='ocrx_word' id='word_1_192' title='bbox 1156 2153 1249 2223; x_wconf 86' lang='lat' dir='ltr'><strong>primo</strong></span> 
     </span>
     <span class='ocr_line' id='line_1_22' title="bbox 90 2231 1249 2312; baseline 0.003 -20"><span class='ocrx_word' id='word_1_193' title='bbox 90 2234 289 2310; x_wconf 73' lang='lat' dir='ltr'><strong>belloPrmico,</strong></span> <span class='ocrx_word' id='word_1_194' title='bbox 313 2237 452 2295; x_wconf 84' lang='lat' dir='ltr'><strong>Saturniis</strong></span> <span class='ocrx_word' id='word_1_195' title='bbox 473 2236 602 2295; x_wconf 88' lang='lat' dir='ltr'><strong>versibus</strong></span> <span class='ocrx_word' id='word_1_196' title='bbox 625 2235 727 2312; x_wconf 48' lang='lat'><strong>(312</strong></span> <span class='ocrx_word' id='word_1_197' title='bbox 744 2286 761 2295; x_wconf 88' lang='lat'>.</span> <span class='ocrx_word' id='word_1_198' title='bbox 778 2243 862 2301; x_wconf 66' lang='grc'><strong>,1-</strong></span> <span class='ocrx_word' id='word_1_199' title='bbox 881 2231 886 2296; x_wconf 82' lang='lat' dir='ltr'><strong>l</strong></span> <span class='ocrx_word' id='word_1_200' title='bbox 905 2243 957 2301; x_wconf 70' lang='lat'><strong>1.</strong></span> <span class='ocrx_word' id='word_1_201' title='bbox 974 2290 991 2297; x_wconf 87' lang='lat'><strong>-</strong></span> <span class='ocrx_word' id='word_1_202' title='bbox 1007 2285 1026 2301; x_wconf 59' lang='lat' dir='ltr'><strong>s</strong></span> <span class='ocrx_word' id='word_1_203' title='bbox 1042 2290 1059 2297; x_wconf 89' lang='lat'><strong>-</strong></span> <span class='ocrx_word' id='word_1_204' title='bbox 1076 2236 1110 2312; x_wconf 71' lang='lat'><strong>3)</strong></span> <span class='ocrx_word' id='word_1_205' title='bbox 1133 2238 1249 2308; x_wconf 84' lang='lat' dir='ltr'><strong>scripto,</strong></span> 
     </span>
     <span class='ocr_line' id='line_1_23' title="bbox 93 2321 1250 2398; baseline 0.002 -21"><span class='ocrx_word' id='word_1_206' title='bbox 93 2335 120 2377; x_wconf 87' lang='lat' dir='ltr'><strong>ex</strong></span> <span class='ocrx_word' id='word_1_207' title='bbox 136 2321 209 2381; x_wconf 82' lang='lat' dir='ltr'><strong>Ennii</strong></span> <span class='ocrx_word' id='word_1_208' title='bbox 231 2321 429 2398; x_wconf 84' lang='lat' dir='ltr'><strong>Annalibus*)</strong></span> <span class='ocrx_word' id='word_1_209' title='bbox 458 2322 628 2393; x_wconf 86' lang='lat' dir='ltr'><strong>omninoque</strong></span> <span class='ocrx_word' id='word_1_210' title='bbox 655 2337 690 2379; x_wconf 90' lang='lat' dir='ltr'><strong>ex</strong></span> <span class='ocrx_word' id='word_1_211' title='bbox 716 2321 919 2393; x_wconf 86' lang='lat' dir='ltr'><strong>antiquissimis</strong></span> <span class='ocrx_word' id='word_1_212' title='bbox 941 2322 1079 2379; x_wconf 87' lang='lat' dir='ltr'><strong>historiae</strong></span> <span class='ocrx_word' id='word_1_213' title='bbox 1101 2322 1250 2379; x_wconf 69' lang='lat' dir='ltr'><strong>Romarm</strong></span> 
     </span>
     <span class='ocr_line' id='line_1_24' title="bbox 92 2406 1250 2482; baseline 0.002 -21"><span class='ocrx_word' id='word_1_214' title='bbox 92 2410 263 2482; x_wconf 88' lang='lat' dir='ltr'><strong>monumentis,</strong></span> <span class='ocrx_word' id='word_1_215' title='bbox 289 2408 420 2481; x_wconf 90' lang='lat' dir='ltr'><strong>inprimis</strong></span> <span class='ocrx_word' id='word_1_216' title='bbox 441 2422 510 2465; x_wconf 84' lang='lat' dir='ltr'><strong>vero</strong></span> <span class='ocrx_word' id='word_1_217' title='bbox 533 2422 568 2465; x_wconf 86' lang='lat' dir='ltr'><strong>ex</strong></span> <span class='ocrx_word' id='word_1_218' title='bbox 587 2406 703 2465; x_wconf 86' lang='lat' dir='ltr'><strong>Catonis</strong></span> <span class='ocrx_word' id='word_1_219' title='bbox 724 2406 889 2479; x_wconf 88' lang='lat' dir='ltr'><strong>Originibus</strong></span> <span class='ocrx_word' id='word_1_220' title='bbox 911 2407 1049 2479; x_wconf 89' lang='lat' dir='ltr'><strong>librisque</strong></span> <span class='ocrx_word' id='word_1_221' title='bbox 1070 2407 1156 2465; x_wconf 89' lang='lat' dir='ltr'><strong>variis</strong></span> <span class='ocrx_word' id='word_1_222' title='bbox 1177 2406 1250 2463; x_wconf 91' lang='lat' dir='ltr'><strong>mul·</strong></span> 
     </span>
     <span class='ocr_line' id='line_1_25' title="bbox 91 2490 1249 2564; baseline 0.002 -16"><span class='ocrx_word' id='word_1_223' title='bbox 91 2491 162 2564; x_wconf 88' lang='lat' dir='ltr'><strong>tiplici</strong></span> <span class='ocrx_word' id='word_1_224' title='bbox 181 2496 316 2554; x_wconf 90' lang='lat' dir='ltr'><strong>doctrina</strong></span> <span class='ocrx_word' id='word_1_225' title='bbox 340 2491 453 2552; x_wconf 83' lang='lat' dir='ltr'><strong>refertis</strong></span> <span class='ocrx_word' id='word_1_226' title='bbox 475 2493 517 2550; x_wconf 90' lang='lat' dir='ltr'><strong>M.</strong></span> <span class='ocrx_word' id='word_1_227' title='bbox 539 2493 665 2552; x_wconf 84' lang='lat' dir='ltr'><strong>Terentii</strong></span> <span class='ocrx_word' id='word_1_228' title='bbox 687 2492 836 2551; x_wconf 88' lang='lat' dir='ltr'><strong>Varronis.</strong></span> <span class='ocrx_word' id='word_1_229' title='bbox 880 2494 992 2552; x_wconf 91' lang='lat' dir='ltr'><strong>Horum</strong></span> <span class='ocrx_word' id='word_1_230' title='bbox 1013 2494 1137 2552; x_wconf 90' lang='lat' dir='ltr'><strong>omnium</strong></span> <span class='ocrx_word' id='word_1_231' title='bbox 1159 2490 1249 2550; x_wconf 91' lang='lat' dir='ltr'><strong>libro·</strong></span> 
     </span>
     <span class='ocr_line' id='line_1_26' title="bbox 90 2577 1249 2652; baseline 0.001 -18"><span class='ocrx_word' id='word_1_232' title='bbox 90 2593 148 2650; x_wconf 90' lang='lat' dir='ltr'><strong>mn,</strong></span> <span class='ocrx_word' id='word_1_233' title='bbox 173 2581 195 2637; x_wconf 89' lang='lat' dir='ltr'><strong>si</strong></span> <span class='ocrx_word' id='word_1_234' title='bbox 221 2580 347 2640; x_wconf 87' lang='lat' dir='ltr'><strong>discedis</strong></span> <span class='ocrx_word' id='word_1_235' title='bbox 375 2578 412 2636; x_wconf 91' lang='lat' dir='ltr'><strong>ab</strong></span> <span class='ocrx_word' id='word_1_236' title='bbox 439 2578 566 2638; x_wconf 89' lang='lat' dir='ltr'><strong>Homero</strong></span> <span class='ocrx_word' id='word_1_237' title='bbox 595 2577 768 2652; x_wconf 88' lang='lat' dir='ltr'><strong>tragicisque</strong></span> <span class='ocrx_word' id='word_1_238' title='bbox 795 2577 927 2651; x_wconf 85' lang='lat' dir='ltr'><strong>Graecis,</strong></span> <span class='ocrx_word' id='word_1_239' title='bbox 959 2578 1114 2639; x_wconf 87' lang='lat' dir='ltr'><strong>admodum</strong></span> <span class='ocrx_word' id='word_1_240' title='bbox 1139 2592 1249 2650; x_wconf 90' lang='lat' dir='ltr'><strong>paucae</strong></span> 
     </span>
     <span class='ocr_line' id='line_1_27' title="bbox 89 2660 1250 2739; baseline 0.001 -20"><span class='ocrx_word' id='word_1_241' title='bbox 89 2660 156 2721; x_wconf 90' lang='lat' dir='ltr'><strong>hodie</strong></span> <span class='ocrx_word' id='word_1_242' title='bbox 181 2671 335 2739; x_wconf 88' lang='lat' dir='ltr'><strong>supersunt</strong></span> <span class='ocrx_word' id='word_1_243' title='bbox 362 2665 513 2737; x_wconf 64' lang='lat' dir='ltr'><strong>reliquiae</strong></span> <span class='ocrx_word' id='word_1_244' title='bbox 543 2669 639 2722; x_wconf 87' lang='lat' dir='ltr'><strong>tamen</strong></span> <span class='ocrx_word' id='word_1_245' title='bbox 664 2665 710 2722; x_wconf 84' lang='lat' dir='ltr'><strong>vel</strong></span> <span class='ocrx_word' id='word_1_246' title='bbox 739 2663 796 2722; x_wconf 87' lang='lat' dir='ltr'><strong>hae&#39;</strong></span> <span class='ocrx_word' id='word_1_247' title='bbox 823 2665 893 2722; x_wconf 89' lang='lat' dir='ltr'><strong>satis</strong></span> <span class='ocrx_word' id='word_1_248' title='bbox 920 2663 1082 2737; x_wconf 91' lang='lat' dir='ltr'><strong>declarant,</strong></span> <span class='ocrx_word' id='word_1_249' title='bbox 1113 2666 1250 2736; x_wconf 89' lang='lat' dir='ltr'><strong>quantum</strong></span> 
     </span>
     <span class='ocr_line' id='line_1_28' title="bbox 89 2747 1249 2825; baseline 0.001 -22"><span class='ocrx_word' id='word_1_250' title='bbox 89 2749 158 2806; x_wconf 87' lang='lat' dir='ltr'><strong>studii</strong></span> <span class='ocrx_word' id='word_1_251' title='bbox 181 2751 321 2825; x_wconf 87' lang='lat' dir='ltr'><strong>Virgilius</strong></span> <span class='ocrx_word' id='word_1_252' title='bbox 350 2751 479 2822; x_wconf 90' lang='lat' dir='ltr'><strong>posuerit</strong></span> <span class='ocrx_word' id='word_1_253' title='bbox 506 2751 536 2807; x_wconf 91' lang='lat' dir='ltr'><strong>in</strong></span> <span class='ocrx_word' id='word_1_254' title='bbox 566 2749 747 2822; x_wconf 87' lang='lat' dir='ltr'><strong>congerenda</strong></span> <span class='ocrx_word' id='word_1_255' title='bbox 775 2765 811 2806; x_wconf 88' lang='lat' dir='ltr'><strong>ex</strong></span> <span class='ocrx_word' id='word_1_256' title='bbox 841 2748 942 2808; x_wconf 83' lang='lat' dir='ltr'><strong>diffusa</strong></span> <span class='ocrx_word' id='word_1_257' title='bbox 969 2750 1091 2815; x_wconf 82' lang='lat' dir='ltr'><strong>lectione</strong></span> <span class='ocrx_word' id='word_1_258' title='bbox 1118 2747 1249 2820; x_wconf 77' lang='lat' dir='ltr'><strong>materia,</strong></span> 
     </span>
     <span class='ocr_line' id='line_1_29' title="bbox 87 2833 1248 2906; baseline 0 -16"><span class='ocrx_word' id='word_1_259' title='bbox 87 2849 132 2904; x_wconf 91' lang='lat' dir='ltr'><strong>qua</strong></span> <span class='ocrx_word' id='word_1_260' title='bbox 155 2836 188 2894; x_wconf 89' lang='lat' dir='ltr'><strong>ad</strong></span> <span class='ocrx_word' id='word_1_261' title='bbox 214 2835 398 2896; x_wconf 89' lang='lat' dir='ltr'><strong>scribendam</strong></span> <span class='ocrx_word' id='word_1_262' title='bbox 419 2834 575 2894; x_wconf 89' lang='lat' dir='ltr'><strong>Aeneidem</strong></span> <span class='ocrx_word' id='word_1_263' title='bbox 601 2838 738 2893; x_wconf 89' lang='lat' dir='ltr'><strong>uteretur.</strong></span> <span class='ocrx_word' id='word_1_264' title='bbox 782 2835 939 2893; x_wconf 88' lang='lat' dir='ltr'><strong>Praeterea</strong></span> <span class='ocrx_word' id='word_1_265' title='bbox 964 2851 1038 2906; x_wconf 88' lang='lat' dir='ltr'><strong>quae</strong></span> <span class='ocrx_word' id='word_1_266' title='bbox 1065 2839 1145 2892; x_wconf 82' lang='lat' dir='ltr'><strong>sexto</strong></span> <span class='ocrx_word' id='word_1_267' title='bbox 1171 2833 1248 2891; x_wconf 91' lang='lat' dir='ltr'><strong>libro</strong></span> 
     </span>
     <span class='ocr_line' id='line_1_30' title="bbox 89 2917 1250 2993; baseline 0.001 -19"><span class='ocrx_word' id='word_1_268' title='bbox 89 2919 180 2980; x_wconf 86' lang='lat' dir='ltr'><strong>Aeneas</strong></span> <span class='ocrx_word' id='word_1_269' title='bbox 193 2923 238 2982; x_wconf 85' lang='lat' dir='ltr'><strong>vel</strong></span> <span class='ocrx_word' id='word_1_270' title='bbox 252 2921 360 2980; x_wconf 89' lang='lat' dir='ltr'><strong>vidisse</strong></span> <span class='ocrx_word' id='word_1_271' title='bbox 374 2920 420 2978; x_wconf 82' lang='lat' dir='ltr'><strong>vel</strong></span> <span class='ocrx_word' id='word_1_272' title='bbox 437 2920 550 2980; x_wconf 89' lang='lat' dir='ltr'><strong>audisse</strong></span> <span class='ocrx_word' id='word_1_273' title='bbox 570 2919 703 2993; x_wconf 86' lang='lat' dir='ltr'><strong>traditur,</strong></span> <span class='ocrx_word' id='word_1_274' title='bbox 726 2937 761 2978; x_wconf 88' lang='lat' dir='ltr'><strong>ea</strong></span> <span class='ocrx_word' id='word_1_275' title='bbox 782 2924 849 2978; x_wconf 90' lang='lat' dir='ltr'><strong>sunt</strong></span> <span class='ocrx_word' id='word_1_276' title='bbox 869 2937 906 2978; x_wconf 91' lang='lat' dir='ltr'><strong>ex</strong></span> <span class='ocrx_word' id='word_1_277' title='bbox 926 2925 1010 2992; x_wconf 89' lang='lat' dir='ltr'><strong>parte</strong></span> <span class='ocrx_word' id='word_1_278' title='bbox 1031 2936 1050 2977; x_wconf 91' lang='lat' dir='ltr'><strong>a</strong></span> <span class='ocrx_word' id='word_1_279' title='bbox 1070 2917 1250 2992; x_wconf 89' lang='lat' dir='ltr'><strong>pbilosophis</strong></span> 
     </span>
     <span class='ocr_line' id='line_1_31' title="bbox 89 3001 1250 3078; baseline 0.002 -20"><span class='ocrx_word' id='word_1_280' title='bbox 89 3001 185 3064; x_wconf 80' lang='lat' dir='ltr'><strong>Graecis</strong></span> <span class='ocrx_word' id='word_1_281' title='bbox 214 3013 319 3066; x_wconf 72' lang='lat' dir='ltr'><strong>sumta,</strong></span> <span class='ocrx_word' id='word_1_282' title='bbox 372 3005 434 3064; x_wconf 89' lang='lat' dir='ltr'><strong>Iam</strong></span> <span class='ocrx_word' id='word_1_283' title='bbox 466 3022 529 3063; x_wconf 88' lang='lat' dir='ltr'><strong>curn</strong></span> <span class='ocrx_word' id='word_1_284' title='bbox 558 3006 603 3064; x_wconf 86' lang='lat' dir='ltr'><strong>vel</strong></span> <span class='ocrx_word' id='word_1_285' title='bbox 636 3020 716 3063; x_wconf 89' lang='lat' dir='ltr'><strong>mera</strong></span> <span class='ocrx_word' id='word_1_286' title='bbox 748 3006 876 3078; x_wconf 91' lang='lat' dir='ltr'><strong>ipsorum</strong></span> <span class='ocrx_word' id='word_1_287' title='bbox 909 3010 1059 3078; x_wconf 87' lang='lat' dir='ltr'><strong>poetarum</strong></span> <span class='ocrx_word' id='word_1_288' title='bbox 1088 3007 1250 3062; x_wconf 89' lang='lat' dir='ltr'><strong>commenta</strong></span> 
     </span>
     <span class='ocr_line' id='line_1_32' title="bbox 88 3089 1298 3173; baseline -0.006 -21"><span class='ocrx_word' id='word_1_289' title='bbox 88 3104 199 3161; x_wconf 75' lang='lat' dir='ltr'><strong>magnam</strong></span> <span class='ocrx_word' id='word_1_290' title='bbox 225 3092 448 3151; x_wconf 87' lang='lat' dir='ltr'><strong>delectationem</strong></span> <span class='ocrx_word' id='word_1_291' title='bbox 473 3091 581 3150; x_wconf 90' lang='lat' dir='ltr'><strong>habere</strong></span> <span class='ocrx_word' id='word_1_292' title='bbox 607 3092 729 3162; x_wconf 92' lang='lat' dir='ltr'><strong>possint,</strong></span> <span class='ocrx_word' id='word_1_293' title='bbox 760 3095 896 3164; x_wconf 90' lang='lat' dir='ltr'><strong>quantum</strong></span> <span class='ocrx_word' id='word_1_294' title='bbox 925 3091 1081 3162; x_wconf 87' lang='lat' dir='ltr'><strong>voluptatis</strong></span> <span class='ocrx_word' id='word_1_295' title='bbox 1102 3089 1249 3148; x_wconf 87' lang='lat' dir='ltr'><strong>Romanos</strong></span> <span class='ocrx_word' id='word_1_296' title='bbox 1289 3165 1298 3173; x_wconf 80' lang='lat'>.</span> 
     </span>
     <span class='ocr_line' id='line_1_33' title="bbox 90 3173 1250 3248; baseline 0.002 -20"><span class='ocrx_word' id='word_1_297' title='bbox 90 3175 176 3244; x_wconf 82' lang='lat' dir='ltr'><strong>cepisse</strong></span> <span class='ocrx_word' id='word_1_298' title='bbox 197 3177 337 3236; x_wconf 86' lang='lat' dir='ltr'><strong>credibile</strong></span> <span class='ocrx_word' id='word_1_299' title='bbox 360 3181 403 3235; x_wconf 89' lang='lat' dir='ltr'><strong>est</strong></span> <span class='ocrx_word' id='word_1_300' title='bbox 424 3193 460 3234; x_wconf 91' lang='lat' dir='ltr'><strong>ex</strong></span> <span class='ocrx_word' id='word_1_301' title='bbox 481 3177 620 3248; x_wconf 87' lang='lat' dir='ltr'><strong>carmine,</strong></span> <span class='ocrx_word' id='word_1_302' title='bbox 648 3176 725 3248; x_wconf 90' lang='lat' dir='ltr'><strong>quod</strong></span> <span class='ocrx_word' id='word_1_303' title='bbox 751 3177 805 3233; x_wconf 89' lang='lat' dir='ltr'><strong>etsi</strong></span> <span class='ocrx_word' id='word_1_304' title='bbox 832 3177 957 3248; x_wconf 86' lang='lat' dir='ltr'><strong>plurima</strong></span> <span class='ocrx_word' id='word_1_305' title='bbox 977 3174 1121 3232; x_wconf 83' lang='lat' dir='ltr'><strong>miraculis</strong></span> <span class='ocrx_word' id='word_1_306' title='bbox 1144 3173 1250 3232; x_wconf 87' lang='lat' dir='ltr'><strong>similia</strong></span> 
     </span>
     <span class='ocr_line' id='line_1_34' title="bbox 89 3259 1249 3336; baseline 0.002 -22"><span class='ocrx_word' id='word_1_307' title='bbox 89 3261 237 3336; x_wconf 86' lang='lat' dir='ltr'><strong>contineret,</strong></span> <span class='ocrx_word' id='word_1_308' title='bbox 268 3269 366 3321; x_wconf 89' lang='lat' dir='ltr'><strong>tamen</strong></span> <span class='ocrx_word' id='word_1_309' title='bbox 394 3279 492 3320; x_wconf 91' lang='lat' dir='ltr'><strong>omues</strong></span> <span class='ocrx_word' id='word_1_310' title='bbox 518 3279 610 3335; x_wconf 90' lang='lat' dir='ltr'><strong>prope</strong></span> <span class='ocrx_word' id='word_1_311' title='bbox 638 3277 770 3320; x_wconf 91' lang='lat' dir='ltr'><strong>numeros</strong></span> <span class='ocrx_word' id='word_1_312' title='bbox 797 3261 953 3320; x_wconf 90' lang='lat' dir='ltr'><strong>historicae</strong></span> <span class='ocrx_word' id='word_1_313' title='bbox 979 3259 1047 3318; x_wconf 89' lang='lat' dir='ltr'><strong>fidei</strong></span> <span class='ocrx_word' id='word_1_314' title='bbox 1068 3259 1187 3332; x_wconf 90' lang='lat' dir='ltr'><strong>implere</strong></span> <span class='ocrx_word' id='word_1_315' title='bbox 1208 3259 1249 3316; x_wconf 87' lang='lat' dir='ltr'><strong>vi-</strong></span> 
     </span>
     <span class='ocr_line' id='line_1_35' title="bbox 88 3343 202 3404; baseline 0.061 -6"><span class='ocrx_word' id='word_1_316' title='bbox 88 3343 202 3404; x_wconf 81' lang='lat' dir='ltr'><strong>deretur?</strong></span> 
     </span>
    </p>

    <p class='ocr_par' dir='ltr' id='par_1_3' title="bbox 88 3430 1251 3848">
     <span class='ocr_line' id='line_1_36' title="bbox 158 3430 1250 3506; baseline -0.005 -15"><span class='ocrx_word' id='word_1_317' title='bbox 158 3430 180 3506; x_wconf 66' lang='grc' dir='ltr'><strong>ξ.</strong></span> <span class='ocrx_word' id='word_1_318' title='bbox 204 3433 253 3491; x_wconf 91' lang='grc'><strong>10.</strong></span> <span class='ocrx_word' id='word_1_319' title='bbox 298 3431 340 3490; x_wconf 90' lang='lat' dir='ltr'><strong>Ut</strong></span> <span class='ocrx_word' id='word_1_320' title='bbox 362 3432 430 3490; x_wconf 86' lang='lat' dir='ltr'><strong>olirn</strong></span> <span class='ocrx_word' id='word_1_321' title='bbox 452 3431 528 3490; x_wconf 88' lang='lat' dir='ltr'><strong>Livii</strong></span> <span class='ocrx_word' id='word_1_322' title='bbox 543 3431 702 3491; x_wconf 86' lang='lat' dir='ltr'><strong>Andronici</strong></span> <span class='ocrx_word' id='word_1_323' title='bbox 724 3431 852 3504; x_wconf 81' lang='lat' dir='ltr'><strong>Odyssea</strong></span> <span class='ocrx_word' id='word_1_324' title='bbox 874 3431 979 3503; x_wconf 90' lang='lat' dir='ltr'><strong>aliique</strong></span> <span class='ocrx_word' id='word_1_325' title='bbox 1001 3431 1159 3502; x_wconf 90' lang='lat' dir='ltr'><strong>priscorum</strong></span> <span class='ocrx_word' id='word_1_326' title='bbox 1181 3445 1250 3502; x_wconf 90' lang='lat' dir='ltr'><strong>poa-</strong></span> 
     </span>
     <span class='ocr_line' id='line_1_37' title="bbox 88 3515 1250 3589; baseline 0 -18"><span class='ocrx_word' id='word_1_327' title='bbox 88 3519 165 3574; x_wconf 86' lang='lat' dir='ltr'><strong>urum</strong></span> <span class='ocrx_word' id='word_1_328' title='bbox 178 3519 375 3576; x_wconf 89' lang='lat' dir='ltr'><strong>Romanorum</strong></span> <span class='ocrx_word' id='word_1_329' title='bbox 396 3517 463 3574; x_wconf 91' lang='lat' dir='ltr'><strong>libri</strong></span> <span class='ocrx_word' id='word_1_330' title='bbox 485 3517 514 3575; x_wconf 92' lang='lat' dir='ltr'><strong>in</strong></span> <span class='ocrx_word' id='word_1_331' title='bbox 537 3517 642 3576; x_wconf 92' lang='lat' dir='ltr'><strong>scholis</strong></span> <span class='ocrx_word' id='word_1_332' title='bbox 663 3517 888 3589; x_wconf 87' lang='lat' dir='ltr'><strong>explicabantur,</strong></span> <span class='ocrx_word' id='word_1_333' title='bbox 911 3518 953 3573; x_wconf 91' lang='lat' dir='ltr'><strong>ita</strong></span> <span class='ocrx_word' id='word_1_334' title='bbox 974 3520 1076 3588; x_wconf 91' lang='lat' dir='ltr'><strong>postea</strong></span> <span class='ocrx_word' id='word_1_335' title='bbox 1090 3515 1250 3587; x_wconf 86' lang='lat' dir='ltr'><strong>Virgiliana</strong></span> 
     </span>
     <span class='ocr_line' id='line_1_38' title="bbox 88 3600 1250 3676; baseline 0.001 -22"><span class='ocrx_word' id='word_1_336' title='bbox 88 3604 205 3676; x_wconf 87' lang='lat' dir='ltr'><strong>carmina,</strong></span> <span class='ocrx_word' id='word_1_337' title='bbox 226 3604 421 3676; x_wconf 84' lang='lat' dir='ltr'><strong>proximisque</strong></span> <span class='ocrx_word' id='word_1_338' title='bbox 442 3607 509 3676; x_wconf 89' lang='lat' dir='ltr'><strong>post</strong></span> <span class='ocrx_word' id='word_1_339' title='bbox 530 3603 682 3676; x_wconf 91' lang='lat' dir='ltr'><strong>Virgilium</strong></span> <span class='ocrx_word' id='word_1_340' title='bbox 705 3603 826 3660; x_wconf 90' lang='lat' dir='ltr'><strong>saeculis</strong></span> <span class='ocrx_word' id='word_1_341' title='bbox 848 3602 930 3659; x_wconf 92' lang='lat' dir='ltr'><strong>multi</strong></span> <span class='ocrx_word' id='word_1_342' title='bbox 952 3601 1030 3659; x_wconf 90' lang='lat' dir='ltr'><strong>docti</strong></span> <span class='ocrx_word' id='word_1_343' title='bbox 1051 3600 1180 3658; x_wconf 83' lang='lat' dir='ltr'><strong>hondnes</strong></span> <span class='ocrx_word' id='word_1_344' title='bbox 1202 3615 1250 3656; x_wconf 89' lang='lat' dir='ltr'><strong>ex·</strong></span> 
     </span>
     <span class='ocr_line' id='line_1_39' title="bbox 89 3685 1251 3761; baseline 0.003 -22"><span class='ocrx_word' id='word_1_345' title='bbox 89 3686 215 3760; x_wconf 81' lang='lat' dir='ltr'><strong>stiterunt,</strong></span> <span class='ocrx_word' id='word_1_346' title='bbox 246 3689 295 3761; x_wconf 91' lang='lat' dir='ltr'><strong>qui</strong></span> <span class='ocrx_word' id='word_1_347' title='bbox 324 3704 358 3746; x_wconf 90' lang='lat' dir='ltr'><strong>ea</strong></span> <span class='ocrx_word' id='word_1_348' title='bbox 387 3689 499 3761; x_wconf 88' lang='lat' dir='ltr'><strong>scriptis</strong></span> <span class='ocrx_word' id='word_1_349' title='bbox 527 3689 585 3746; x_wconf 88' lang='lat' dir='ltr'><strong>suis</strong></span> <span class='ocrx_word' id='word_1_350' title='bbox 613 3689 800 3747; x_wconf 85' lang='lat' dir='ltr'><strong>illustrarent</strong></span> <span class='ocrx_word' id='word_1_351' title='bbox 848 3686 904 3745; x_wconf 89' lang='lat' dir='ltr'><strong>Sed</strong></span> <span class='ocrx_word' id='word_1_352' title='bbox 933 3686 1005 3744; x_wconf 92' lang='lat' dir='ltr'><strong>haec</strong></span> <span class='ocrx_word' id='word_1_353' title='bbox 1033 3702 1125 3758; x_wconf 91' lang='lat' dir='ltr'><strong>prope</strong></span> <span class='ocrx_word' id='word_1_354' title='bbox 1155 3685 1251 3744; x_wconf 91' lang='lat' dir='ltr'><strong>omnia</strong></span> 
     </span>
     <span class='ocr_line' id='line_1_40' title="bbox 88 3768 1250 3848; baseline 0.003 -24"><span class='ocrx_word' id='word_1_355' title='bbox 88 3768 283 3844; x_wconf 90' lang='lat' dir='ltr'><strong>interciderunt,</strong></span> <span class='ocrx_word' id='word_1_356' title='bbox 306 3790 340 3832; x_wconf 91' lang='lat' dir='ltr'><strong>ac</strong></span> <span class='ocrx_word' id='word_1_357' title='bbox 360 3779 476 3847; x_wconf 90' lang='lat' dir='ltr'><strong>praeter</strong></span> <span class='ocrx_word' id='word_1_358' title='bbox 499 3774 615 3848; x_wconf 89' lang='lat' dir='ltr'><strong>exiguas</strong></span> <span class='ocrx_word' id='word_1_359' title='bbox 637 3773 775 3846; x_wconf 89' lang='lat' dir='ltr'><strong>quasdam</strong></span> <span class='ocrx_word' id='word_1_360' title='bbox 796 3773 953 3846; x_wconf 88' lang='lat' dir='ltr'><strong>particulas</strong></span> <span class='ocrx_word' id='word_1_361' title='bbox 974 3770 1147 3829; x_wconf 91' lang='lat' dir='ltr'><strong>scholiorum</strong></span> <span class='ocrx_word' id='word_1_362' title='bbox 1161 3769 1250 3827; x_wconf 91' lang='lat' dir='ltr'><strong>Probi</strong></span> 
     </span>
    </p>
   </div>
   <div class='ocr_carea' id='block_1_3' title="bbox 91 3937 276 3952">
    <p class='ocr_par' dir='ltr' id='par_1_4' title="bbox 91 3937 276 3952">
     <span class='ocr_line' id='line_1_41' title="bbox 91 3937 276 3952; baseline -0.005 0"><span class='ocrx_word' id='word_1_363' title='bbox 91 3937 276 3952; x_wconf 42' lang='grc' dir='ltr'><strong>’ᾕ--ι-</strong></span> 
     </span>
    </p>
   </div>
   <div class='ocr_carea' id='block_1_4' title="bbox 89 4037 1252 4445">
    <p class='ocr_par' dir='ltr' id='par_1_5' title="bbox 89 4037 1252 4445">
     <span class='ocr_line' id='line_1_42' title="bbox 146 4037 1251 4106; baseline -0.004 -14"><span class='ocrx_word' id='word_1_364' title='bbox 146 4037 171 4105; x_wconf 77' lang='lat'><strong>*)</strong></span> <span class='ocrx_word' id='word_1_365' title='bbox 187 4041 237 4104; x_wconf 84' lang='lat' dir='ltr'><strong>llic,</strong></span> <span class='ocrx_word' id='word_1_366' title='bbox 256 4043 328 4091; x_wconf 90' lang='lat' dir='ltr'><strong>bomo</strong></span> <span class='ocrx_word' id='word_1_367' title='bbox 345 4040 465 4102; x_wconf 88' lang='lat' dir='ltr'><strong>Graecus,</strong></span> <span class='ocrx_word' id='word_1_368' title='bbox 483 4041 569 4092; x_wconf 80' lang='lat' dir='ltr'><strong>Rodiis</strong></span> <span class='ocrx_word' id='word_1_369' title='bbox 587 4043 610 4092; x_wconf 92' lang='lat' dir='ltr'><strong>in</strong></span> <span class='ocrx_word' id='word_1_370' title='bbox 628 4057 716 4106; x_wconf 82' lang='lat' dir='ltr'><strong>magna</strong></span> <span class='ocrx_word' id='word_1_371' title='bbox 731 4039 838 4090; x_wconf 81' lang='lat' dir='ltr'><strong>Graecia</strong></span> <span class='ocrx_word' id='word_1_372' title='bbox 854 4048 933 4102; x_wconf 89' lang='lat' dir='ltr'><strong>ortus,</strong></span> <span class='ocrx_word' id='word_1_373' title='bbox 950 4039 1044 4106; x_wconf 90' lang='lat' dir='ltr'><strong>primus</strong></span> <span class='ocrx_word' id='word_1_374' title='bbox 1062 4039 1164 4089; x_wconf 86' lang='lat' dir='ltr'><strong>carmini</strong></span> <span class='ocrx_word' id='word_1_375' title='bbox 1182 4039 1251 4104; x_wconf 89' lang='lat' dir='ltr'><strong>cpico</strong></span> 
     </span>
     <span class='ocr_line' id='line_1_43' title="bbox 91 4101 1251 4174; baseline 0.005 -22"><span class='ocrx_word' id='word_1_376' title='bbox 91 4101 163 4156; x_wconf 80' lang='lat' dir='ltr'><strong>latino</strong></span> <span class='ocrx_word' id='word_1_377' title='bbox 179 4111 347 4161; x_wconf 85' lang='lat' dir='ltr'><strong>hexametrum</strong></span> <span class='ocrx_word' id='word_1_378' title='bbox 365 4125 465 4162; x_wconf 89' lang='lat' dir='ltr'><strong>versum</strong></span> <span class='ocrx_word' id='word_1_379' title='bbox 483 4111 602 4162; x_wconf 87' lang='lat' dir='ltr'><strong>adhibere</strong></span> <span class='ocrx_word' id='word_1_380' title='bbox 620 4126 710 4173; x_wconf 84' lang='lat' dir='ltr'><strong>ausus,</strong></span> <span class='ocrx_word' id='word_1_381' title='bbox 733 4111 788 4159; x_wconf 89' lang='lat' dir='ltr'><strong>iure</strong></span> <span class='ocrx_word' id='word_1_382' title='bbox 811 4125 920 4159; x_wconf 86' lang='lat' dir='ltr'><strong>summus</strong></span> <span class='ocrx_word' id='word_1_383' title='bbox 937 4116 1068 4174; x_wconf 84' lang='lat' dir='ltr'><strong>poetarum</strong></span> <span class='ocrx_word' id='word_1_384' title='bbox 1084 4107 1251 4158; x_wconf 83' lang='lat' dir='ltr'><strong>Romanorum</strong></span> 
     </span>
     <span class='ocr_line' id='line_1_44' title="bbox 91 4171 1252 4244; baseline 0.004 -25"><span class='ocrx_word' id='word_1_385' title='bbox 91 4171 173 4225; x_wconf 86' lang='lat' dir='ltr'><strong>babitus</strong></span> <span class='ocrx_word' id='word_1_386' title='bbox 194 4185 233 4228; x_wconf 87' lang='lat' dir='ltr'><strong>est</strong></span> <span class='ocrx_word' id='word_1_387' title='bbox 254 4183 333 4243; x_wconf 83' lang='lat' dir='ltr'><strong>usque</strong></span> <span class='ocrx_word' id='word_1_388' title='bbox 356 4181 388 4228; x_wconf 88' lang='lat' dir='ltr'><strong>ad</strong></span> <span class='ocrx_word' id='word_1_389' title='bbox 411 4178 571 4244; x_wconf 79' lang='lat' dir='ltr'><strong>imperatoris</strong></span> <span class='ocrx_word' id='word_1_390' title='bbox 595 4180 702 4242; x_wconf 81' lang='lat' dir='ltr'><strong>Augusti</strong></span> <span class='ocrx_word' id='word_1_391' title='bbox 726 4186 845 4243; x_wconf 86' lang='lat' dir='ltr'><strong>tempora.</strong></span> <span class='ocrx_word' id='word_1_392' title='bbox 882 4177 991 4228; x_wconf 85' lang='lat' dir='ltr'><strong>Tantum</strong></span> <span class='ocrx_word' id='word_1_393' title='bbox 1015 4184 1098 4228; x_wconf 88' lang='lat' dir='ltr'><strong>autern</strong></span> <span class='ocrx_word' id='word_1_394' title='bbox 1121 4175 1197 4240; x_wconf 81' lang='lat' dir='ltr'><strong>afuit,</strong></span> <span class='ocrx_word' id='word_1_395' title='bbox 1222 4181 1252 4224; x_wconf 94' lang='lat' dir='ltr'><strong>ut</strong></span> 
     </span>
     <span class='ocr_line' id='line_1_45' title="bbox 90 4234 1250 4314; baseline 0.004 -26"><span class='ocrx_word' id='word_1_396' title='bbox 90 4253 200 4305; x_wconf 88' lang='lat' dir='ltr'><strong>sperneret</strong></span> <span class='ocrx_word' id='word_1_397' title='bbox 222 4248 373 4311; x_wconf 83' lang='lat' dir='ltr'><strong>antiquiores</strong></span> <span class='ocrx_word' id='word_1_398' title='bbox 396 4247 563 4304; x_wconf 81' lang='lat' dir='ltr'><strong>florianorum</strong></span> <span class='ocrx_word' id='word_1_399' title='bbox 585 4257 670 4314; x_wconf 82' lang='lat' dir='ltr'><strong>poetas</strong></span> <span class='ocrx_word' id='word_1_400' title='bbox 693 4234 827 4310; x_wconf 81' lang='lat' dir='ltr'><strong>Virgilius,</strong></span> <span class='ocrx_word' id='word_1_401' title='bbox 851 4253 880 4296; x_wconf 91' lang='lat' dir='ltr'><strong>nt</strong></span> <span class='ocrx_word' id='word_1_402' title='bbox 903 4262 949 4295; x_wconf 91' lang='lat' dir='ltr'><strong>non</strong></span> <span class='ocrx_word' id='word_1_403' title='bbox 969 4245 1099 4309; x_wconf 88' lang='lat' dir='ltr'><strong>dubitarit,</strong></span> <span class='ocrx_word' id='word_1_404' title='bbox 1117 4240 1250 4309; x_wconf 75' lang='lat' dir='ltr'><strong>quaeipsis</strong></span> 
     </span>
     <span class='ocr_line' id='line_1_46' title="bbox 89 4311 1250 4386; baseline 0 -26"><span class='ocrx_word' id='word_1_405' title='bbox 89 4311 226 4386; x_wconf 73' lang='lat' dir='ltr'><strong>¹antiquitatis</strong></span> <span class='ocrx_word' id='word_1_406' title='bbox 250 4317 457 4366; x_wconf 88' lang='lat' dir='ltr'><strong>commendatione</strong></span> <span class='ocrx_word' id='word_1_407' title='bbox 485 4317 582 4382; x_wconf 87' lang='lat' dir='ltr'><strong>placere</strong></span> <span class='ocrx_word' id='word_1_408' title='bbox 606 4323 720 4382; x_wconf 87' lang='lat' dir='ltr'><strong>possent,</strong></span> <span class='ocrx_word' id='word_1_409' title='bbox 749 4331 781 4365; x_wconf 89' lang='lat' dir='ltr'><strong>ex</strong></span> <span class='ocrx_word' id='word_1_410' title='bbox 810 4313 859 4364; x_wconf 91' lang='lat' dir='ltr'><strong>illis</strong></span> <span class='ocrx_word' id='word_1_411' title='bbox 883 4315 998 4379; x_wconf 86' lang='lat' dir='ltr'><strong>decerpta</strong></span> <span class='ocrx_word' id='word_1_412' title='bbox 1023 4314 1075 4364; x_wconf 87' lang='lat' dir='ltr'><strong>suis</strong></span> <span class='ocrx_word' id='word_1_413' title='bbox 1099 4312 1250 4362; x_wconf 82' lang='lat' dir='ltr'><strong>carminibus</strong></span> 
     </span>
     <span class='ocr_line' id='line_1_47' title="bbox 89 4381 850 4445; baseline 0.004 -18"><span class='ocrx_word' id='word_1_414' title='bbox 89 4384 233 4445; x_wconf 83' lang='lat' dir='ltr'><strong>utarponere.</strong></span> <span class='ocrx_word' id='word_1_415' title='bbox 846 4381 850 4388; x_wconf 88' lang='lat'>&#39;</span> 
     </span>
    </p>
   </div>
   <div class='ocr_carea' id='block_1_5' title="bbox 0 0 1476 4975">
    <p class='ocr_par' dir='ltr' id='par_1_6' title="bbox 0 0 1476 4975">
     <span class='ocr_line' id='line_1_48' title="bbox 0 0 1476 4975; baseline 0 0"><span class='ocrx_word' id='word_1_416' title='bbox 0 0 1476 4975; x_wconf 95' lang='lat' dir='ltr'><strong> </strong></span> 
     </span>
    </p>
   </div>
  </div>
 </body>
</html>
