2942 4975
215 315 279 384 228
586 311 621 375 Ρ.
640 300 809 376 VIRGILI
829 297 1022 385 MARONIS

303 499 452 566 Occmrit
473 498 592 577 tellus,
606 496 707 562 maria
727 495 869 576 undique
891 499 926 559 et
946 493 1088 576 nudique
1110 494 1249 559 caelum:

241 586 282 652 10
305 585 371 652 Olli
394 583 561 650 caeruleus
584 600 681 664 supra
704 585 801 663 capnt
821 579 948 646 adstitit
967 578 1079 658 imber,
1166 642 1168 647 .

206 740 209 744 ,
303 671 440 736 Noctem
462 668 664 749 hiememque
685 665 806 744 ferens,
830 669 863 729 et
884 663 1044 728 inhorruit
1065 665 1153 728 unda
1174 663 1326 729 tenebris.

303 756 378 838 Ipse
400 754 595 836 gubernator
616 752 715 834 puppi
736 750 907 816 Palinurus
929 748 970 813 ab
992 749 1072 813 alta:

304 840 392 905 Heni
425 839 575 921 quianam
596 837 679 903 tanti
690 836 871 901 cinxerunt
892 834 1026 900 aethera
1046 833 1167 898 nimbi?

305 925 441 1004 Quidve,
463 927 556 1006 pater
577 921 742 1005 Neptune,
764 921 880 1002 paras?
923 919 977 984 Sic
999 919 1116 983 deinde
1136 919 1266 984 locutus

204 1005 206 1014 ’
242 1008 284 1076 16
306 1009 466 1091 Colligere
489 1026 578 1072 arma
599 1007 689 1072 iubet
711 1005 888 1086 validisque
909 1004 1095 1070 incumbere
1116 1004 1222 1083 remis,

306 1094 522 1176 Obliquatque
544 1092 631 1157 sinus
652 1092 686 1156 in
708 1094 853 1169 ventum,
874 1108 912 1154 ac
934 1089 1012 1157 talia
1032 1087 1133 1154 iatur:

306 1178 510 1261 Magnanime
531 1178 655 1256 Aenea,
677 1195 757 1255 non,
779 1176 806 1241 si
828 1174 905 1240 mibi
925 1174 1072 1256 Iuppiter
1092 1178 1207 1239 auctor

307 1264 483 1346 Spondeat,
505 1263 566 1340 boc
587 1279 713 1344 sperem
734 1262 862 1326 Italiam
885 1260 1073 1341 contingere
1096 1260 1194 1324 caelo.

307 1348 425 1414 Mutati
446 1352 631 1412 transversa
652 1345 795 1412 fremunt
816 1351 851 1411 et
871 1363 1006 1429 vespere
1029 1344 1070 1409 ab
1092 1349 1163 1408 atro

243 1433 286 1499 20
308 1432 513 1516 Consurgunt
534 1433 636 1511 venti,
659 1438 757 1514 atque
778 1432 812 1496 in
834 1431 952 1496 nubem
975 1430 1101 1511 cogitur
1123 1447 1187 1494 aer.

308 1519 377 1584 Nec
399 1537 457 1584 nos
481 1517 582 1583 obniti
605 1522 731 1597 contra,
753 1535 814 1582 nec
835 1517 971 1581 tendere
994 1518 1122 1579 tantum

309 1601 498 1669 Suffioimus.
541 1601 680 1684 Superat
701 1602 851 1684 quoniam
872 1601 1030 1680 Fortuna,
1052 1617 1232 1682 sequamur,

310 1689 443 1770 Quoque
465 1692 572 1766 vocat,
596 1692 759 1752 vertamus
781 1687 852 1751 iter.
895 1687 964 1752 Nec
985 1686 1082 1751 litora
1103 1685 1199 1766 longe

308 1773 390 1838 Fida
411 1791 485 1837 reor
505 1771 649 1837 fraterna
669 1772 782 1854 Erycis
803 1776 980 1855 portusque
1002 1770 1143 1849 Sicanos,
1222 1788 1230 1794 ·

245 1856 288 1924 25
311 1858 345 1922 Si
366 1857 461 1922 modo
483 1857 547 1920 rite
569 1875 691 1921 memor
713 1863 842 1922 servata
862 1857 1015 1922 remetior
1036 1859 1132 1920 astra

198 1955 202 1960 ·
310 1943 392 2007 Tum
413 1941 485 2024 pins
506 1942 647 2006 Aeneas:
676 1941 835 2024 Equidem
857 1943 903 2007 sic
924 1959 1059 2023 poscere
1079 1943 1195 2005 ventas

310 2026 500 2092 Iamdudum
524 2029 557 2091 et
579 2025 700 2092 trustra
722 2045 818 2092 cerno
842 2032 875 2092 te
897 2027 1033 2091 tendere
1055 2030 1176 2091 contra

310 2111 422 2176 Flecte
443 2111 526 2177 viam
548 2111 636 2176 velis.
679 2113 731 2176 An
753 2113 796 2177 sit
817 2112 894 2177 mibi
916 2111 1037 2193 gratior
1058 2111 1133 2188 ulla,
1192 2136 1197 2142 ·

223 2209 229 2230 ·‘
312 2197 422 2274 Quove
443 2197 545 2279 magis
567 2195 668 2262 fessas
690 2201 799 2279 optem
822 2198 992 2284 demittere
1014 2196 1113 2275 navis,

246 2281 291 2348 30
312 2282 414 2360 Quam
437 2300 518 2364 quae
540 2281 738 2351 Dardanium
760 2283 859 2353 tellus
880 2282 958 2354 mibi
979 2286 1088 2346 servat
1109 2282 1253 2348 Acesten
1294 2323 1299 2327 -

311 2368 354 2433 Et
377 2367 477 2450 patris
498 2368 658 2432 Anchisae
681 2368 802 2449 gremio
826 2367 1041 2450 conplectitur
1063 2366 1159 2431 ossa?

312 2453 402 2519 Haec
424 2452 479 2519 ubi
501 2452 599 2532 dicta,
621 2458 738 2535 petunt
759 2458 885 2535 portus,
908 2458 942 2519 et
963 2453 1036 2518 vela
1056 2449 1189 2518 secundi

312 2540 489 2621 Intendunt
510 2539 659 2621 Zephyri;
680 2538 785 2605 fertur
807 2540 871 2604 cita
893 2539 1020 2621 gurgite
1044 2537 1161 2612 classis,

312 2624 356 2688 Et
378 2624 509 2689 tandem
530 2624 608 2689 laeti
630 2630 726 2689 notae
750 2626 963 2690 advertuntur
984 2642 1110 2688 menae.

248 2708 291 2773 35
398 2708 443 2772 At
464 2709 576 2789 procul
599 2727 637 2772 ex
661 2710 747 2775 celso
768 2711 902 2774 miratus
923 2709 1045 2773 vertice
1066 2707 1184 2772 montis

312 2792 497 2858 Adventum
519 2792 685 2875 sociasque
707 2801 795 2860 rates
817 2795 956 2861 occurrit
977 2795 1120 2873 Acestes,

312 2878 471 2943 Horridus
493 2878 526 2943 in
548 2878 660 2943 iaculis
684 2884 716 2944 et
738 2880 825 2964 pelle
846 2880 1019 2962 Libystidis
1042 2897 1149 2958 nrsae,

227 3031 333 3094 maiore,
360 3037 389 3081 ut
416 3031 467 3094 bic,
494 3031 535 3081 vel
559 3034 652 3082 minore
673 3034 840 3084 intervalloa
864 3035 978 3085 litoribus
1000 3034 1090 3094 distat,
1113 3027 1137 3094 5,
1157 3026 1215 3081 165.
1233 3029 1259 3094 9,
1277 3026 1337 3097 stt
1367 3024 1400 3077 10.

139 3114 143 3121 ¹
229 3096 285 3161 otti,
301 3114 327 3148 v.
346 3096 369 3162 1,
382 3095 455 3156 2541
492 3095 532 3150 14.
550 3099 575 3151 S.
594 3101 686 3151 deinde
704 3099 729 3165 t,
747 3102 846 3166 Deinde,
863 3110 993 3169 postquam
1012 3102 1047 3151 sic
1065 3101 1162 3150 locutas
1179 3106 1231 3162 est3
1250 3098 1282 3148 cl.
1300 3092 1400 3157 valdo,

227 3162 252 3230 7,
271 3161 345 3231 135.Ι
381 3163 421 3218 15.
442 3182 528 3230 amna,
545 3168 614 3229 vela3
633 3170 754 3235 colligere
771 3171 913 3233 „breviari‚
933 3172 968 3221 ait
984 3170 1109 3230 Donatus3
1128 3168 1230 3234 exponit
1247 3173 1336 3233 poeta,
1353 3163 1401 3231 quii

227 3234 320 3286 laetum
338 3234 379 3296 sit,
397 3236 498 3285 dicendo
511 3235 678 3303 obliquatque
690 3256 711 3288 a.
724 3241 741 3288 i.
754 3242 808 3305 υ.“Ι
845 3238 885 3291 16.
904 3238 1024 3304 Obliquat
1034 3241 1108 3287 arbua
1123 3236 1234 3286 velorum
1254 3238 1283 3285 in
1299 3240 1400 3293 mina,
1418 3242 1423 3253 “

226 3304 292 3371 qnod
310 3304 390 3353 nostri
408 3304 535 3370 appellant
552 3308 664 3368 taetram
683 3308 749 3371 qnod
766 3322 822 3357 cum
839 3308 875 3371 fir,
893 3314 981 3357 ventas
999 3308 1121 3357 adversus
1139 3320 1186 3355 non
1203 3304 1265 3353 totis
1276 3304 1350 3364 velis,
1365 3300 1400 3351 aad

223 3379 324 3434 tantum
343 3385 374 3423 ox
393 3372 492 3437 obliquo
517 3374 647 3438 accipitur,
671 3392 701 3425 nc
722 3376 745 3425 is
768 3390 857 3439 magna
879 3376 905 3425 vi
927 3377 1025 3425 irruens
1049 3389 1137 3424 navem
1158 3373 1314 3423 nimiam-de
1336 3384 1400 3421 enm

227 3441 364 3504 deflectat!
400 3437 441 3491 1t.
460 3445 562 3504 auctor,
580 3440 611 3493 ci.
631 3440 661 3493 G.
681 3440 705 3505 1,
723 3440 798 3503 4321
834 3442 874 3494 19.
894 3450 993 3494 transm
1005 3443 1049 3508 fr.
1072 3442 1153 3506 Magis
1178 3441 1279 3507 proprie
1297 3440 1401 3489 dieantur

227 3510 302 3573 talia,
321 3510 394 3574 quale
413 3510 579 3569 astatoria,
598 3510 659 3561 dira
669 3511 805 3576 scenici-c,
823 3528 849 3561 v.
867 3510 898 3562 G.
916 3509 941 3576 3,
961 3508 1028 3573 149,
1052 3511 1173 3561 audacius
1191 3510 1237 3557 boc
1256 3514 1401 3559 transeam

221 3577 281 3642 sit,
299 3578 314 3628 i.
334 3593 355 3627 e.
373 3579 396 3627 in
420 3584 590 3628 transversam
614 3585 724 3645 partcm3
748 3582 813 3645 quod
837 3582 869 3632 ad
887 3581 981 3633 Nomen
1004 3579 1159 3631 referendum
1181 3583 1238 3627 erat
1262 3576 1326 3643 (ipsi
1348 3575 1401 3627 cain

224 3644 296 3695 -vonti
313 3652 385 3695 erant
402 3645 569 3714 transversi),
588 3647 697 3698 retertur
720 3649 753 3698 ad
775 3649 885 3705 Verbum
909 3650 962 3699 sive
986 3650 1017 3698 ad
1037 3655 1119 3698 actum
1138 3646 1196 3712 rei!
1231 3642 1276 3697 20.
1295 3648 1401 3710 cogitur,

161 3784 163 3787 Ι
202 3711 355 3775 gilausatnr,
373 3712 404 3763 cl.
424 3711 453 3765 d.
472 3712 497 3778 4,
514 3712 557 3767 36.
593 3715 643 3766 Cic.
662 3718 692 3767 de
709 3716 769 3768 Nat.
787 3718 861 3769 licor.
880 3715 906 3780 2,
922 3714 956 3768 39
980 3732 1041 3781 „aer
1058 3724 1111 3767 tum
1128 3715 1198 3765 tusas
1216 3720 1241 3763 et
1258 3719 1399 3764 satanam

227 3778 331 3839 sublime
344 3779 495 3862 lentuntum
508 3790 590 3835 antem
602 3792 731 3837 concretas
748 3787 778 3835 in
796 3786 893 3835 nubes
911 3782 1086 3853 cogitur.“{
1113 3781 1154 3833 21.
1167 3785 1282 3863 tuntum,
1294 3787 1401 3847 quantun

227 3854 354 3965 tutti
364 3850 857 3984 ttlttlttr‘t‘tttttt‘ttit
869 3853 1030 3985 621ἒί33.
1041 3853 1288 3973 litaturis
1305 3849 1401 3984 itit:

228 3989 362 4045 astrorum,
381 3999 443 4048 qnae
461 4000 476 4035 a
494 3988 577 4039 Sicilia
595 3990 698 4055 proiecti
716 3988 752 4054 (1,
769 3986 815 4052 34)
837 3990 1039 4055 observavimus,
1058 3996 1125 4039 recte
1142 3987 1238 4038 memini
1255 4002 1333 4048 nune,
1356 3996 1401 4034 cnm

227 4052 276 4119 iter
295 4050 373 4117 (qnod
393 4053 497 4117 peritia
515 4056 624 4123 regitur)
638 4074 653 4107 a
666 4058 792 4109 contraria
804 4064 876 4123 parta
887 4057 997 4123 (Atrion)
1011 4056 1150 4114 remetior-A
1183 4052 1225 4105 28.
1244 4056 1319 4116 velis,
1337 4059 1401 4120 putat

225 4126 324 4171 mutata
349 4120 533 4193 velificatione}
567 4121 609 4173 30.
627 4128 729 4188 Aeaei,
754 4125 785 4175 ct.
811 4123 834 4188 1,
859 4123 910 4176 195
933 4124 985 4192 sq!
1019 4124 1061 4176 31.
1086 4125 1117 4176 ci.
1141 4122 1166 4186 3,
1189 4120 1265 4188 71⁰4
1301 4120 1344 4173 35.
1360 4117 1402 4170 Alii

228 4185 352 4257 succisa!
386 4185 428 4238 31.
445 4190 553 4242 torrida
572 4192 694 4256 dicuntur,
712 4208 776 4259 qnae
787 4194 866 4256 rigida
880 4202 938 4245 sunt
951 4201 1025 4260 atque
1037 4202 1129 4257 erecta,
1147 4200 1198 4243 tum
1217 4206 1283 4256 qnae
1301 4193 1401 4245 tirsum

228 4256 355 4311 dori-idua
372 4259 400 4307 ia
417 4257 524 4324 iaculis,
547 4260 633 4324 rigidis
656 4262 745 4311 iaculis
767 4262 903 4314 instructus
927 4263 996 4328 (bina
1013 4269 1097 4313 antem
1114 4260 1247 4326 gestabant
1265 4259 1366 4325 magnii,
1381 4253 1401 4315 1,

227 4321 303 4393 313),
319 4325 442 4403 torridus
460 4329 576 4397 impelle,
595 4329 691 4380 hirsuta
709 4330 774 4395 pelle
791 4332 905 4383 amictus.
940 4330 1056 4381 Ceteram
1074 4330 1106 4381 el.
1124 4330 1197 4381 ovid.
1210 4328 1290 4379 Trist.
1301 4326 1329 4391 4,
1340 4319 1401 4389 6,33

269 4786 760 4953 A-
