2942 4975
150 3225 178 3261 Π
189 3251 193 3256 .

169 402 172 411 ·
209 370 274 441 roa
373 460 379 467 Ι
581 371 616 436 a
638 368 805 435 vinem
826 368 1017 435 nannius

235 561 276 626 15
298 561 406 627 Instar
428 559 545 624 montis
569 576 685 639 equum
708 556 815 621 divina
837 556 977 621 Palladis
999 560 1070 621 arte
1159 554 1162 559 ’

297 644 491 723 Aedificant,
512 648 665 725 sectaque
686 642 836 707 intexunt
858 643 965 707 abiete
988 648 1106 720 costas3
1193 641 1197 645 ’

297 730 416 796 Votum
438 748 496 811 pro
519 729 627 793 reditu
649 728 815 806 simulant3
839 746 877 792 ea
898 727 983 792 fama
1003 731 1147 809 vagatur.

298 816 370 881 Huc
394 815 521 879 delecta
540 814 645 878 virum
668 812 773 877 sortiti
796 830 931 894 corpora
946 810 1064 879 ‘furtim

197 933 206 953 =
298 900 472 968 Includunt
494 917 588 965 caeco
611 898 705 963 lateri
727 898 920 980 penitusque
943 916 1099 963 cavernas

235 988 278 1053 20
299 980 444 1069 Ingentis
466 988 658 1064 utemmque
680 988 805 1047 armato
826 983 928 1047 milite
952 983 1111 1065 conplent

382 1071 442 1135 Est
463 1070 496 1133 in
520 1073 693 1150 conspectu
716 1068 877 1148 Tenedos,
899 1069 1067 1133 notissima
1087 1067 1173 1132 fama

300 1157 420 1234 Insula,
444 1154 533 1218 dives
556 1172 664 1235 opum,
686 1154 806 1217 Priami
828 1154 903 1217 dum
925 1172 1025 1235 regna
1046 1154 1231 1235 manebant,

300 1240 394 1306 Nunc
417 1244 543 1304 tantum
566 1238 654 1303 sinus
678 1243 711 1303 et
733 1238 831 1304 statio
854 1239 937 1303 male
959 1238 1024 1303 fida
1046 1238 1175 1318 carinis3

300 1325 381 1390 Huc
394 1344 428 1389 se
451 1324 594 1406 provecti
617 1325 747 1389 deserto
769 1325 802 1388 in
824 1324 920 1388 litore
943 1325 1093 1389 condunt.

237 1412 279 1476 25
301 1410 368 1477 Nos
392 1409 506 1475 abiisse
529 1410 592 1475 rati
615 1414 647 1473 et
668 1414 765 1474 vento
788 1409 918 1491 petiisse
940 1410 1100 1492 Mycenas.

301 1498 387 1577 Ergo
410 1495 512 1561 omnis
533 1496 630 1575 longo
654 1495 751 1560 solvit
772 1513 807 1558 se
829 1492 965 1559 Teucria
986 1496 1084 1562 luctu.

302 1582 491 1647 Panduntur
513 1585 638 1662 portae;
662 1580 752 1644 iuvat
773 1580 821 1643 ire
845 1585 878 1643 et
900 1580 1020 1645 Dorica
1041 1584 1147 1645 castra

303 1667 520 1747 Desertosque
543 1665 653 1730 ridere
675 1666 764 1729 locos
785 1666 926 1746 litusque
948 1666 1104 1730 relictum.
1140 1672 1174 1756 ᾖ

301 1754 364 1818 Hic
385 1752 546 1833 Dolopum
567 1768 692 1828 manne,
717 1750 770 1815 hic
791 1768 905 1815 saevus
927 1751 1082 1815 tendebat
1103 1750 1263 1832 Achilles;

238 1836 282 1902 30
303 1835 465 1903 classibus
488 1835 539 1899 hic
561 1835 663 1914 locus3
686 1835 739 1899 hic
761 1836 830 1900 acie
854 1833 978 1900 certare
1002 1834 1158 1901 solebant.

302 1924 382 1989 Pars
404 1926 514 2003 stupet
535 1920 690 2002 innuptae
714 1921 833 1985 donum
857 1921 985 1986 exitiale
1007 1921 1171 1986 Minervae

303 2008 347 2072 Et
368 2007 486 2070 molem
507 2005 665 2069 mirantur
688 2005 775 2087 equi;
797 2006 982 2088 primusque
1005 2006 1199 2088 Thymoetes

303 2092 386 2158 Duci
407 2091 494 2156 intra
514 2109 622 2155 muros
644 2091 793 2155 hortatur
816 2097 849 2155 et
870 2110 944 2156 arce
965 2092 1074 2171 locari,
1304 2092 1309 2099 ’

304 2177 378 2243 Sive
401 2176 487 2256 dolo,
510 2194 567 2241 seu
588 2176 651 2240 iam
676 2174 791 2241 Troiae
814 2178 859 2241 sic
881 2176 948 2241 fata
970 2176 1126 2241 ferebant.

239 2262 282 2329 35
303 2266 347 2329 At
364 2262 486 2345 Capye,
510 2268 543 2327 et
564 2280 698 2344 quorum
721 2262 836 2326 melior
856 2263 1018 2327 sententia
1038 2263 1149 2342 menti,
1185 2282 1188 2288 ·

204 2386 208 2395 =
304 2350 371 2414 Aut
392 2348 506 2431 pelago
529 2346 676 2413 Danaum
698 2347 831 2412 insidias
853 2353 1066 2433 suspectaque
1089 2348 1173 2413 dona

303 2434 520 2518 Praecipitare
541 2434 667 2513 iubent,
691 2431 906 2516 subiectisque
929 2452 1023 2498 urere
1048 2432 1192 2514 flammis,

304 2523 371 2587 Aut
392 2518 558 2584 terebrare
582 2537 675 2584 cavas
698 2519 783 2582 uteri
807 2523 840 2584 et
863 2524 1022 2606 temptare
1043 2518 1194 2584 latebras.

305 2605 469 2670 Scinditur
490 2604 650 2669 incertum
673 2605 780 2682 studia
800 2602 833 2668 in
857 2605 1017 2686 contraria
1037 2604 1161 2686 volgus.

241 2691 284 2755 40
391 2689 517 2754 Primus
539 2689 584 2753 ibi
607 2694 682 2754 ante
705 2689 819 2769 omnis,
842 2709 958 2772 magna
980 2689 1152 2755 comitante
1165 2694 1312 2769 ‘caterva

305 2775 456 2840 Laocoon
479 2775 594 2839 ardens
618 2793 742 2838 summa
764 2775 906 2839 decurrit
927 2776 966 2839 ab
990 2794 1072 2853 arce,

306 2861 351 2926 Et
371 2859 496 2942 procul:
531 2857 558 2924 Ο
581 2859 702 2936 miseri,
726 2879 808 2942 qnae
830 2865 922 2925 tanta
943 2860 1080 2941 insania,
1104 2860 1211 2925 cives?

308 2944 446 3010 Creditis
469 2949 598 3009 avectos
620 2944 744 3010 hostis?
781 2951 838 3010 ant
860 2944 926 3010 ulla
947 2946 1068 3028 putatis

306 3030 402 3094 Dona
424 3048 533 3094 carere
557 3029 639 3094 dolis
660 3031 830 3095 Danaum?
867 3031 912 3096 sic
934 3037 1031 3096 notus
1053 3031 1186 3097 Ulixes?

241 3115 285 3179 45
307 3116 374 3181 Aut
393 3115 456 3179 hoc
478 3114 593 3180 inclusi
614 3114 702 3196 ligno
725 3117 930 3181 occultantur
951 3116 1072 3196 Achivi,

308 3202 375 3267 Aut
396 3199 476 3265 haec
492 3200 531 3264 ·in
555 3204 683 3265 nostros
704 3199 863 3266 fabricata
886 3207 936 3266 est
957 3201 1104 3266 machina
1125 3219 1235 3266 muros

307 3287 497 3368 inspectura
519 3285 630 3350 domos
652 3291 852 3368 venturaque
875 3287 1014 3369 desuper
1035 3287 1115 3365 urbi,

308 3373 374 3438 Aut
396 3370 510 3452 aliquia
533 3371 614 3435 latet
638 3388 741 3436 error:
764 3389 845 3452 equo
868 3391 909 3436 ne
933 3373 1069 3451 credite,
1092 3371 1217 3437 Teucri.

225 3573 267 3627 15.
278 3575 374 3640 damna,
387 3591 447 3642 ergo
457 3593 503 3626 non
515 3590 569 3636 sua,
583 3577 624 3626 sed
634 3591 673 3639 ea,
686 3590 759 3641 quam
772 3577 826 3640 dea,
839 3575 933 3641 Pallas,
945 3578 974 3627 iis
987 3584 1179 3628 monstraverat.
1192 3576 1223 3626 ct'.
1233 3575 1304 3626 liom.
1314 3574 1395 3642 odyss

224 3640 249 3707 8,
267 3641 326 3695 493.
345 3646 373 3696 ll.
393 3643 434 3708 15,
454 3642 511 3714 714
547 3641 588 3694 17.
608 3647 733 3710 Spargant
744 3643 835 3695 Graeci
853 3645 945 3696 famum
964 3663 991 3696 se
1002 3646 1104 3696 vovisse
1121 3661 1209 3711 equum
1228 3647 1291 3695 lunc
1301 3639 1396 3700 Palladi,

225 3713 247 3762 ai
265 3711 343 3762 salvis
368 3715 456 3764 liceret
478 3714 501 3763 in
525 3714 630 3778 patriam
654 3710 760 3778 redire!
796 3711 837 3764 18.
860 3715 916 3764 Huc
992 3715 1172 3777 coaevitatem,
1204 3729 1230 3764 v.
1253 3713 1283 3763 ll.
1306 3711 1333 3774 1,
1349 3705 1397 3774 54.Ι

225 3776 268 3830 23.
287 3779 371 3844 Nunc,
402 3782 459 3846 quia
477 3781 569 3831 Priami
593 3783 695 3847 imperio
718 3782 829 3832 subiecta
853 3790 922 3846 erat,
946 3790 1048 3833 vastata
1071 3790 1110 3833 est
1135 3797 1151 3832 a
1175 3779 1279 3832 Graecis
1300 3780 1397 3844 nihssqm

226 3849 407 3898 commoditatis
427 3850 502 3900 habet
520 3857 621 3916 praeter
638 3851 723 3914 sinum,
743 3851 784 3916 qui
803 3852 933 3901 stationem
952 3853 1055 3916 praebet
1073 3851 1187 3911 navibus,
1206 3851 1250 3900 sed
1263 3865 1318 3900 earn
1329 3849 1397 3916 ipsam

223 3931 313 3984 parurn
337 3914 446 3986 tutam!
478 3915 520 3968 29.
545 3919 626 3979 terrm,
651 3920 759 3969 tentoria
785 3920 916 3988 habebat}
951 3917 993 3969 31.
1012 3921 1068 3970 don.
1087 3935 1130 3970 ear.
1149 3917 1256 3982 Mr'n.,'i.
1275 3934 1297 3968 e.
1321 3919 1397 3967 donau

226 4000 242 4036 a
261 3981 364 4035 Graecis
377 3984 503 4036 Minervae
521 4003 567 4052 per
583 3987 762 4038 simulationem
781 3989 866 4036 datum
884 3986 937 4052 (vs.
951 3987 1008 4054 17.)
1027 3988 1127 4038 exitiale
1144 3986 1255 4036 futurum
1273 3975 1398 4060 Troianis!

226 4049 269 4104 34.
288 4053 352 4117 dolo,
370 4053 426 4118 quir
445 4069 525 4103 uxore
542 4055 641 4120 filioque
659 4057 711 4106 eins
725 4071 774 4174 per
785 4054 911 4105 Priamum
929 4057 1018 4105 occisis
1036 4058 1126 4106 iustam
1146 4069 1248 4104 causum
1265 4055 1398 4121 prodiciam

227 4121 379 4202 Thymoetes
402 4121 494 4172 habere
517 4123 672 4192 videbatur!
707 4121 723 4173 3
744 4162 750 4173 .
776 4124 826 4173 Alii
851 4126 1019 4188 satientatem
1044 4123 1076 4172 ci.
1102 4123 1194 4174 Tituli.
1219 4121 1244 4185 1,
1262 4123 1288 4187 9,
1305 4121 1341 4174 49
1356 4131 1398 4183 ull-l

227 4197 254 4241 et
269 4207 294 4240 ru
312 4205 381 4240 marc
401 4189 558 4256 praecipitari
576 4197 601 4240 et
620 4193 726 4242 cremari
739 4192 839 4242 iubetur·
851 4208 928 4257 equus
940 4193 991 4256 ille,
1009 4193 1058 4242 alio
1077 4193 1171 4242 scilicet
1188 4191 1263 4242 aliter
1280 4194 1397 4243 censeatet

227 4259 346 4311 matiam
363 4256 394 4309 G.
413 4256 437 4321 1,
456 4255 531 4324 4194
565 4256 608 4309 40.
628 4273 652 4308 v.
670 4257 694 4322 3,
713 4257 789 4324 4374
823 4257 866 4310 42.
886 4261 914 4310 0.
932 4264 1001 4321 raia,
1019 4255 1184 4324 v.11‚175.1
1219 4255 1262 4310 47.
1281 4257 1315 4311 Ut
1333 4253 1398 4308 nosos

229 4343 261 4378 ex
279 4343 317 4391 eu,
336 4333 462 4392 tamquam
481 4342 513 4378 ex
530 4327 603 4389 turri,
622 4327 747 4393 speculari
765 4328 850 4379 urbem
870 4336 895 4378 el
913 4330 1026 4394 desuper,
1046 4343 1079 4378 ex
1098 4329 1188 4379 altiore
1206 4328 1269 4391 loco,
1287 4329 1312 4378 in
1325 4335 1396 4378 muros

229 4395 329 4446 desilire
346 4391 451 4466 possit!
484 4392 528 4446 48.
545 4409 629 4457 error,
648 4395 732 4459 irans3
752 4397 855 4463 aliquis,
874 4397 1058 4462 quicumquais
1077 4402 1124 4458 est,
1142 4404 1170 4446 nt
1187 4393 1212 4460 9,
1232 4393 1291 4447 186.
1309 4395 1358 4446 Cic.
1373 4391 1397 4438 dt
