<?xml version="1.0" encoding="UTF-8"?>
<!DOCTYPE html PUBLIC "-//W3C//DTD XHTML 1.0 Transitional//EN"
    "http://www.w3.org/TR/xhtml1/DTD/xhtml1-transitional.dtd">
<html xmlns="http://www.w3.org/1999/xhtml" xml:lang="en" lang="en">
 <head>
  <title>
</title>
<meta http-equiv="Content-Type" content="text/html;charset=utf-8" />
  <meta name='ocr-system' content='tesseract 3.04.00' />
  <meta name='ocr-capabilities' content='ocr_page ocr_carea ocr_par ocr_line ocrx_word'/>
</head>
<body>
  <div class='ocr_page' id='page_1' title='image "./carminabreviter00virggoog_0484.png"; bbox 0 0 2942 4975; ppageno 0'>
   <div class='ocr_carea' id='block_1_1' title="bbox 484 255 880 380">
    <p class='ocr_par' dir='ltr' id='par_1_1' title="bbox 484 255 880 380">
     <span class='ocr_line' id='line_1_1' title="bbox 484 255 880 380; baseline -0.008 1"><span class='ocrx_word' id='word_1_1' title='bbox 484 255 701 380; x_wconf 75' lang='lat' dir='ltr'>mannos</span> <span class='ocrx_word' id='word_1_2' title='bbox 722 313 804 380; x_wconf 80' lang='lat' dir='ltr'>nn</span> <span class='ocrx_word' id='word_1_3' title='bbox 824 313 880 378; x_wconf 86' lang='lat' dir='ltr'>n.</span> 
     </span>
    </p>
   </div>
   <div class='ocr_carea' id='block_1_2' title="bbox 89 501 1188 3747">
    <p class='ocr_par' dir='ltr' id='par_1_2' title="bbox 93 501 1185 926">
     <span class='ocr_line' id='line_1_2' title="bbox 93 501 1082 589; baseline -0.001 -21"><span class='ocrx_word' id='word_1_4' title='bbox 93 502 157 568; x_wconf 86' lang='grc'>795</span> <span class='ocrx_word' id='word_1_5' title='bbox 177 502 289 568; x_wconf 88' lang='lat' dir='ltr'>Mente</span> <span class='ocrx_word' id='word_1_6' title='bbox 312 501 417 589; x_wconf 82' lang='lat' dir='ltr'>dedit,</span> <span class='ocrx_word' id='word_1_7' title='bbox 438 505 565 583; x_wconf 78' lang='lat' dir='ltr'>partein</span> <span class='ocrx_word' id='word_1_8' title='bbox 586 501 726 568; x_wconf 84' lang='lat' dir='ltr'>volucris</span> <span class='ocrx_word' id='word_1_9' title='bbox 748 501 898 584; x_wconf 83' lang='lat' dir='ltr'>dispersit</span> <span class='ocrx_word' id='word_1_10' title='bbox 918 501 952 566; x_wconf 95' lang='lat' dir='ltr'>in</span> <span class='ocrx_word' id='word_1_11' title='bbox 974 519 1082 570; x_wconf 86' lang='lat' dir='ltr'>auras:</span> 
     </span>
     <span class='ocr_line' id='line_1_3' title="bbox 178 585 1040 668; baseline -0.001 -16"><span class='ocrx_word' id='word_1_12' title='bbox 178 586 349 652; x_wconf 72' lang='lat' dir='ltr'>Sterneret</span> <span class='ocrx_word' id='word_1_13' title='bbox 369 591 407 652; x_wconf 94' lang='lat' dir='ltr'>nt</span> <span class='ocrx_word' id='word_1_14' title='bbox 427 585 536 652; x_wconf 89' lang='lat' dir='ltr'>subita</span> <span class='ocrx_word' id='word_1_15' title='bbox 556 586 719 652; x_wconf 85' lang='lat' dir='ltr'>turbatam</span> <span class='ocrx_word' id='word_1_16' title='bbox 739 591 844 652; x_wconf 89' lang='lat' dir='ltr'>morte</span> <span class='ocrx_word' id='word_1_17' title='bbox 867 586 1040 668; x_wconf 87' lang='lat' dir='ltr'>Camillam,</span> 
     </span>
     <span class='ocr_line' id='line_1_4' title="bbox 177 671 1043 754; baseline 0 -17"><span class='ocrx_word' id='word_1_18' title='bbox 177 673 301 738; x_wconf 86' lang='lat' dir='ltr'><strong>Adnuit</strong></span> <span class='ocrx_word' id='word_1_19' title='bbox 323 671 442 751; x_wconf 89' lang='lat' dir='ltr'>oranti;</span> <span class='ocrx_word' id='word_1_20' title='bbox 463 673 615 738; x_wconf 79' lang='lat' dir='ltr'>reducem</span> <span class='ocrx_word' id='word_1_21' title='bbox 637 677 675 738; x_wconf 94' lang='lat' dir='ltr'>ut</span> <span class='ocrx_word' id='word_1_22' title='bbox 695 671 802 754; x_wconf 89' lang='lat' dir='ltr'>patria</span> <span class='ocrx_word' id='word_1_23' title='bbox 823 673 890 737; x_wconf 89' lang='lat' dir='ltr'>alta</span> <span class='ocrx_word' id='word_1_24' title='bbox 909 672 1043 752; x_wconf 76' lang='lat' dir='ltr'>dderet,</span> 
     </span>
     <span class='ocr_line' id='line_1_5' title="bbox 177 756 1089 840; baseline 0 -16"><span class='ocrx_word' id='word_1_25' title='bbox 177 758 252 824; x_wconf 88' lang='lat' dir='ltr'>Non</span> <span class='ocrx_word' id='word_1_26' title='bbox 275 758 379 838; x_wconf 83' lang='lat' dir='ltr'>dedit,</span> <span class='ocrx_word' id='word_1_27' title='bbox 400 756 499 839; x_wconf 89' lang='lat' dir='ltr'>inque</span> <span class='ocrx_word' id='word_1_28' title='bbox 520 762 615 823; x_wconf 91' lang='lat' dir='ltr'>notos</span> <span class='ocrx_word' id='word_1_29' title='bbox 636 775 749 823; x_wconf 85' lang='lat' dir='ltr'>vocem</span> <span class='ocrx_word' id='word_1_30' title='bbox 770 763 898 822; x_wconf 87' lang='lat' dir='ltr'>vertere</span> <span class='ocrx_word' id='word_1_31' title='bbox 919 757 1089 840; x_wconf 83' lang='lat' dir='ltr'>procellae.</span> 
     </span>
     <span class='ocr_line' id='line_1_6' title="bbox 177 842 1185 926; baseline 0.002 -18"><span class='ocrx_word' id='word_1_32' title='bbox 177 844 280 925; x_wconf 84' lang='lat' dir='ltr'>Ergo,</span> <span class='ocrx_word' id='word_1_33' title='bbox 301 843 357 908; x_wconf 92' lang='lat' dir='ltr'>ubi</span> <span class='ocrx_word' id='word_1_34' title='bbox 377 843 476 908; x_wconf 91' lang='lat' dir='ltr'>missa</span> <span class='ocrx_word' id='word_1_35' title='bbox 495 861 593 908; x_wconf 88' lang='lat' dir='ltr'>manu</span> <span class='ocrx_word' id='word_1_36' title='bbox 614 843 755 908; x_wconf 89' lang='lat' dir='ltr'>sonitum</span> <span class='ocrx_word' id='word_1_37' title='bbox 778 842 867 909; x_wconf 85' lang='lat' dir='ltr'>dedit</span> <span class='ocrx_word' id='word_1_38' title='bbox 887 842 981 909; x_wconf 89' lang='lat' dir='ltr'>hasta</span> <span class='ocrx_word' id='word_1_39' title='bbox 1002 861 1061 926; x_wconf 89' lang='lat' dir='ltr'>per</span> <span class='ocrx_word' id='word_1_40' title='bbox 1083 861 1185 923; x_wconf 86' lang='lat' dir='ltr'>auras,</span> 
     </span>
    </p>

    <p class='ocr_par' dir='ltr' id='par_1_3' title="bbox 94 927 1104 1351">
     <span class='ocr_line' id='line_1_7' title="bbox 94 927 948 1010; baseline 0.001 -17"><span class='ocrx_word' id='word_1_41' title='bbox 94 929 157 993; x_wconf 95' lang='grc'><strong>800</strong></span> <span class='ocrx_word' id='word_1_42' title='bbox 179 929 377 994; x_wconf 74' lang='lat' dir='ltr'>Convertere</span> <span class='ocrx_word' id='word_1_43' title='bbox 398 927 523 992; x_wconf 89' lang='lat' dir='ltr'>animos</span> <span class='ocrx_word' id='word_1_44' title='bbox 544 927 626 993; x_wconf 89' lang='lat' dir='ltr'>acris</span> <span class='ocrx_word' id='word_1_45' title='bbox 648 928 822 1010; x_wconf 88' lang='lat' dir='ltr'>oculosque</span> <span class='ocrx_word' id='word_1_46' title='bbox 844 928 948 994; x_wconf 90' lang='lat' dir='ltr'>tulere</span> 
     </span>
     <span class='ocr_line' id='line_1_8' title="bbox 179 1012 1085 1096; baseline 0.003 -18"><span class='ocrx_word' id='word_1_47' title='bbox 179 1012 295 1079; x_wconf 86' lang='lat' dir='ltr'>Cuncti</span> <span class='ocrx_word' id='word_1_48' title='bbox 316 1012 357 1078; x_wconf 92' lang='lat' dir='ltr'>ad</span> <span class='ocrx_word' id='word_1_49' title='bbox 379 1013 524 1095; x_wconf 80' lang='lat' dir='ltr'>reginam</span> <span class='ocrx_word' id='word_1_50' title='bbox 545 1013 662 1079; x_wconf 83' lang='lat' dir='ltr'>Volsci</span> <span class='ocrx_word' id='word_1_51' title='bbox 705 1013 794 1080; x_wconf 89' lang='lat' dir='ltr'>Nihil</span> <span class='ocrx_word' id='word_1_52' title='bbox 815 1014 886 1096; x_wconf 88' lang='lat' dir='ltr'>ipsa</span> <span class='ocrx_word' id='word_1_53' title='bbox 906 1031 966 1079; x_wconf 92' lang='lat' dir='ltr'>nec</span> <span class='ocrx_word' id='word_1_54' title='bbox 988 1033 1085 1081; x_wconf 87' lang='lat' dir='ltr'>aurae</span> 
     </span>
     <span class='ocr_line' id='line_1_9' title="bbox 176 1098 1104 1180; baseline 0.002 -16"><span class='ocrx_word' id='word_1_55' title='bbox 176 1099 247 1164; x_wconf 84' lang='lat' dir='ltr'>Nec</span> <span class='ocrx_word' id='word_1_56' title='bbox 269 1099 394 1164; x_wconf 90' lang='lat' dir='ltr'>sonitus</span> <span class='ocrx_word' id='word_1_57' title='bbox 414 1117 539 1164; x_wconf 88' lang='lat' dir='ltr'>memor</span> <span class='ocrx_word' id='word_1_58' title='bbox 559 1103 617 1164; x_wconf 90' lang='lat' dir='ltr'>aut</span> <span class='ocrx_word' id='word_1_59' title='bbox 638 1099 797 1164; x_wconf 83' lang='lat' dir='ltr'>venientis</span> <span class='ocrx_word' id='word_1_60' title='bbox 820 1098 860 1166; x_wconf 91' lang='lat' dir='ltr'>ab</span> <span class='ocrx_word' id='word_1_61' title='bbox 883 1099 1015 1166; x_wconf 78' lang='lat' dir='ltr'>aethere</span> <span class='ocrx_word' id='word_1_62' title='bbox 1036 1100 1104 1180; x_wconf 90' lang='lat' dir='ltr'>teli,</span> 
     </span>
     <span class='ocr_line' id='line_1_10' title="bbox 179 1183 989 1266; baseline 0.001 -17"><span class='ocrx_word' id='word_1_63' title='bbox 179 1184 283 1250; x_wconf 89' lang='lat' dir='ltr'>Hasta</span> <span class='ocrx_word' id='word_1_64' title='bbox 303 1184 362 1249; x_wconf 91' lang='lat' dir='ltr'>sub</span> <span class='ocrx_word' id='word_1_65' title='bbox 386 1188 545 1250; x_wconf 78' lang='lat' dir='ltr'>exsertam</span> <span class='ocrx_word' id='word_1_66' title='bbox 566 1183 669 1250; x_wconf 89' lang='lat' dir='ltr'>donec</span> <span class='ocrx_word' id='word_1_67' title='bbox 689 1184 816 1266; x_wconf 86' lang='lat' dir='ltr'>perlata</span> <span class='ocrx_word' id='word_1_68' title='bbox 835 1185 989 1266; x_wconf 79' lang='lat' dir='ltr'><strong>papillam</strong></span> 
     </span>
     <span class='ocr_line' id='line_1_11' title="bbox 178 1268 1034 1351; baseline -0.002 -15"><span class='ocrx_word' id='word_1_69' title='bbox 178 1270 308 1348; x_wconf 82' lang='lat' dir='ltr'>Haesit,</span> <span class='ocrx_word' id='word_1_70' title='bbox 328 1269 571 1351; x_wconf 82' lang='lat' dir='ltr'>virgineumque</span> <span class='ocrx_word' id='word_1_71' title='bbox 593 1269 659 1334; x_wconf 85' lang='lat' dir='ltr'>alte</span> <span class='ocrx_word' id='word_1_72' title='bbox 680 1268 762 1334; x_wconf 90' lang='lat' dir='ltr'>bibit</span> <span class='ocrx_word' id='word_1_73' title='bbox 784 1275 857 1334; x_wconf 91' lang='lat' dir='ltr'>acta</span> <span class='ocrx_word' id='word_1_74' title='bbox 879 1287 1034 1336; x_wconf 92' lang='lat' dir='ltr'>cruorem.</span> 
     </span>
    </p>

    <p class='ocr_par' dir='ltr' id='par_1_4' title="bbox 91 1353 1188 1779">
     <span class='ocr_line' id='line_1_12' title="bbox 91 1353 1123 1436; baseline -0.001 -16"><span class='ocrx_word' id='word_1_75' title='bbox 91 1353 155 1420; x_wconf 98' lang='grc'><strong>805</strong></span> <span class='ocrx_word' id='word_1_76' title='bbox 178 1355 383 1420; x_wconf 82' lang='lat' dir='ltr'>Concurrunt</span> <span class='ocrx_word' id='word_1_77' title='bbox 403 1354 550 1436; x_wconf 82' lang='lat' dir='ltr'>trepidae</span> <span class='ocrx_word' id='word_1_78' title='bbox 572 1355 706 1420; x_wconf 90' lang='lat' dir='ltr'>comites</span> <span class='ocrx_word' id='word_1_79' title='bbox 728 1355 951 1435; x_wconf 89' lang='lat' dir='ltr'>dominamque</span> <span class='ocrx_word' id='word_1_80' title='bbox 974 1359 1123 1420; x_wconf 86' lang='lat' dir='ltr'>ruentem</span> 
     </span>
     <span class='ocr_line' id='line_1_13' title="bbox 178 1439 1188 1524; baseline -0.001 -19"><span class='ocrx_word' id='word_1_81' title='bbox 178 1439 372 1524; x_wconf 86' lang='lat' dir='ltr'>Suscipiunt</span> <span class='ocrx_word' id='word_1_82' title='bbox 414 1440 513 1522; x_wconf 81' lang='lat' dir='ltr'>Fugit</span> <span class='ocrx_word' id='word_1_83' title='bbox 534 1443 610 1505; x_wconf 88' lang='lat' dir='ltr'>ante</span> <span class='ocrx_word' id='word_1_84' title='bbox 632 1440 734 1507; x_wconf 91' lang='lat' dir='ltr'>omnis</span> <span class='ocrx_word' id='word_1_85' title='bbox 757 1440 929 1506; x_wconf 82' lang='lat' dir='ltr'>exterritus</span> <span class='ocrx_word' id='word_1_86' title='bbox 951 1441 1084 1519; x_wconf 84' lang='lat' dir='ltr'>Arruns,</span> <span class='ocrx_word' id='word_1_87' title='bbox 1185 1513 1188 1520; x_wconf 15' lang='grc' dir='ltr'><strong><em>Δ</em></strong></span> 
     </span>
     <span class='ocr_line' id='line_1_14' title="bbox 176 1524 1086 1608; baseline -0.001 -17"><span class='ocrx_word' id='word_1_88' title='bbox 176 1525 320 1592; x_wconf 89' lang='lat' dir='ltr'>Laetitia</span> <span class='ocrx_word' id='word_1_89' title='bbox 340 1524 505 1606; x_wconf 85' lang='lat' dir='ltr'>mixtoque</span> <span class='ocrx_word' id='word_1_90' title='bbox 526 1530 630 1603; x_wconf 91' lang='lat' dir='ltr'>metu,</span> <span class='ocrx_word' id='word_1_91' title='bbox 650 1543 711 1590; x_wconf 89' lang='lat' dir='ltr'>nec</span> <span class='ocrx_word' id='word_1_92' title='bbox 730 1525 795 1590; x_wconf 91' lang='lat' dir='ltr'>iam</span> <span class='ocrx_word' id='word_1_93' title='bbox 817 1525 952 1608; x_wconf 90' lang='lat' dir='ltr'>amplius</span> <span class='ocrx_word' id='word_1_94' title='bbox 974 1525 1086 1590; x_wconf 79' lang='lat' dir='ltr'>hastae</span> 
     </span>
     <span class='ocr_line' id='line_1_15' title="bbox 178 1610 986 1694; baseline -0.002 -17"><span class='ocrx_word' id='word_1_95' title='bbox 178 1611 334 1691; x_wconf 86' lang='lat' dir='ltr'>Credere,</span> <span class='ocrx_word' id='word_1_96' title='bbox 355 1628 416 1676; x_wconf 87' lang='lat' dir='ltr'>nec</span> <span class='ocrx_word' id='word_1_97' title='bbox 438 1611 513 1676; x_wconf 88' lang='lat' dir='ltr'>telis</span> <span class='ocrx_word' id='word_1_98' title='bbox 534 1629 703 1676; x_wconf 84' lang='lat' dir='ltr'>occurrere</span> <span class='ocrx_word' id='word_1_99' title='bbox 725 1610 859 1694; x_wconf 80' lang='lat' dir='ltr'>virginis</span> <span class='ocrx_word' id='word_1_100' title='bbox 881 1610 986 1676; x_wconf 87' lang='lat' dir='ltr'>audet</span> 
     </span>
     <span class='ocr_line' id='line_1_16' title="bbox 178 1696 1100 1779; baseline -0.003 -17"><span class='ocrx_word' id='word_1_101' title='bbox 178 1698 227 1762; x_wconf 87' lang='lat' dir='ltr'>Ac</span> <span class='ocrx_word' id='word_1_102' title='bbox 249 1696 339 1761; x_wconf 84' lang='lat' dir='ltr'>velut</span> <span class='ocrx_word' id='word_1_103' title='bbox 358 1696 429 1775; x_wconf 92' lang='lat' dir='ltr'>ille,</span> <span class='ocrx_word' id='word_1_104' title='bbox 449 1696 538 1779; x_wconf 91' lang='lat' dir='ltr'>prins</span> <span class='ocrx_word' id='word_1_105' title='bbox 560 1715 656 1778; x_wconf 91' lang='lat' dir='ltr'>quam</span> <span class='ocrx_word' id='word_1_106' title='bbox 678 1696 746 1762; x_wconf 89' lang='lat' dir='ltr'>tela</span> <span class='ocrx_word' id='word_1_107' title='bbox 766 1696 894 1762; x_wconf 88' lang='lat' dir='ltr'>inimice</span> <span class='ocrx_word' id='word_1_108' title='bbox 916 1699 1100 1778; x_wconf 86' lang='lat' dir='ltr'>sequantur,</span> 
     </span>
    </p>

    <p class='ocr_par' dir='ltr' id='par_1_5' title="bbox 91 1781 1110 2016">
     <span class='ocr_line' id='line_1_17' title="bbox 91 1781 1110 1848; baseline 0 0"><span class='ocrx_word' id='word_1_109' title='bbox 91 1781 156 1847; x_wconf 89' lang='lat'>810</span> <span class='ocrx_word' id='word_1_110' title='bbox 181 1781 340 1848; x_wconf 91' lang='lat' dir='ltr'>Continuo</span> <span class='ocrx_word' id='word_1_111' title='bbox 362 1782 396 1846; x_wconf 91' lang='lat' dir='ltr'>in</span> <span class='ocrx_word' id='word_1_112' title='bbox 418 1781 538 1846; x_wconf 92' lang='lat' dir='ltr'>montis</span> <span class='ocrx_word' id='word_1_113' title='bbox 559 1799 631 1847; x_wconf 88' lang='lat' dir='ltr'>sese</span> <span class='ocrx_word' id='word_1_114' title='bbox 652 1781 743 1846; x_wconf 85' lang='lat' dir='ltr'>avius</span> <span class='ocrx_word' id='word_1_115' title='bbox 766 1781 889 1848; x_wconf 89' lang='lat' dir='ltr'>abdidit</span> <span class='ocrx_word' id='word_1_116' title='bbox 911 1781 995 1848; x_wconf 90' lang='lat' dir='ltr'>altos</span> <span class='ocrx_word' id='word_1_117' title='bbox 1103 1791 1110 1812; x_wconf 75' lang='lat'>⁸</span> 
     </span>
     <span class='ocr_line' id='line_1_18' title="bbox 181 1866 911 2016; baseline 0 -84"><span class='ocrx_word' id='word_1_118' title='bbox 181 1866 297 1932; x_wconf 91' lang='lat' dir='ltr'>Occiso</span> <span class='ocrx_word' id='word_1_119' title='bbox 318 1871 449 1949; x_wconf 89' lang='lat' dir='ltr'>pastore</span> <span class='ocrx_word' id='word_1_120' title='bbox 471 1867 567 2016; x_wconf 57' lang='lat' dir='ltr'>lupus</span> <span class='ocrx_word' id='word_1_121' title='bbox 587 1885 744 1949; x_wconf 74' lang='lat' dir='ltr'>magnove</span> <span class='ocrx_word' id='word_1_122' title='bbox 766 1867 911 1946; x_wconf 90' lang='lat' dir='ltr'>iuvenco,</span> 
     </span>
    </p>

    <p class='ocr_par' dir='ltr' id='par_1_6' title="bbox 177 1951 1113 2201">
     <span class='ocr_line' id='line_1_19' title="bbox 180 1951 1020 2035; baseline -0.002 -17"><span class='ocrx_word' id='word_1_123' title='bbox 180 1951 334 2018; x_wconf 82' lang='lat' dir='ltr'>Conscius</span> <span class='ocrx_word' id='word_1_124' title='bbox 356 1952 485 2018; x_wconf 88' lang='lat' dir='ltr'>audacis</span> <span class='ocrx_word' id='word_1_125' title='bbox 520 1951 597 2032; x_wconf 89' lang='lat' dir='ltr'>acti,</span> <span class='ocrx_word' id='word_1_126' title='bbox 619 1953 817 2035; x_wconf 89' lang='lat' dir='ltr'>caudamque</span> <span class='ocrx_word' id='word_1_127' title='bbox 840 1952 1020 2018; x_wconf 86' lang='lat' dir='ltr'>remulcens</span> 
     </span>
     <span class='ocr_line' id='line_1_20' title="bbox 179 2036 1002 2120; baseline -0.002 -17"><span class='ocrx_word' id='word_1_128' title='bbox 179 2036 324 2104; x_wconf 85' lang='lat' dir='ltr'>Subiecit</span> <span class='ocrx_word' id='word_1_129' title='bbox 344 2038 543 2120; x_wconf 82' lang='lat' dir='ltr'>pavitantem</span> <span class='ocrx_word' id='word_1_130' title='bbox 564 2043 670 2117; x_wconf 88' lang='lat' dir='ltr'>utero,</span> <span class='ocrx_word' id='word_1_131' title='bbox 691 2038 853 2120; x_wconf 81' lang='lat' dir='ltr'>silvasque</span> <span class='ocrx_word' id='word_1_132' title='bbox 875 2037 1002 2119; x_wconf 87' lang='lat' dir='ltr'>petivit:</span> 
     </span>
     <span class='ocr_line' id='line_1_21' title="bbox 177 2121 1113 2201; baseline -0.002 -13"><span class='ocrx_word' id='word_1_133' title='bbox 177 2123 275 2188; x_wconf 88' lang='lat' dir='ltr'>Hand</span> <span class='ocrx_word' id='word_1_134' title='bbox 297 2141 390 2188; x_wconf 83' lang='lat' dir='ltr'>seem</span> <span class='ocrx_word' id='word_1_135' title='bbox 412 2141 451 2190; x_wconf 87' lang='lat' dir='ltr'>ex</span> <span class='ocrx_word' id='word_1_136' title='bbox 473 2123 574 2190; x_wconf 88' lang='lat' dir='ltr'>oculis</span> <span class='ocrx_word' id='word_1_137' title='bbox 597 2141 633 2190; x_wconf 92' lang='lat' dir='ltr'>se</span> <span class='ocrx_word' id='word_1_138' title='bbox 654 2121 801 2188; x_wconf 88' lang='lat' dir='ltr'>turbidus</span> <span class='ocrx_word' id='word_1_139' title='bbox 824 2121 959 2188; x_wconf 87' lang='lat' dir='ltr'>abstulit</span> <span class='ocrx_word' id='word_1_140' title='bbox 980 2123 1113 2201; x_wconf 85' lang='lat' dir='ltr'>Arruns,</span> 
     </span>
    </p>

    <p class='ocr_par' dir='ltr' id='par_1_7' title="bbox 89 2207 1024 2291">
     <span class='ocr_line' id='line_1_22' title="bbox 89 2207 1024 2291; baseline -0.003 -17"><span class='ocrx_word' id='word_1_141' title='bbox 89 2208 154 2274; x_wconf 84' lang='lat'>815</span> <span class='ocrx_word' id='word_1_142' title='bbox 181 2207 425 2291; x_wconf 84' lang='lat' dir='ltr'>Contentusque</span> <span class='ocrx_word' id='word_1_143' title='bbox 446 2207 523 2291; x_wconf 79' lang='lat' dir='ltr'>iuga</span> <span class='ocrx_word' id='word_1_144' title='bbox 542 2208 657 2273; x_wconf 91' lang='lat' dir='ltr'>mediis</span> <span class='ocrx_word' id='word_1_145' title='bbox 678 2227 714 2273; x_wconf 90' lang='lat' dir='ltr'>se</span> <span class='ocrx_word' id='word_1_146' title='bbox 735 2207 897 2273; x_wconf 88' lang='lat' dir='ltr'>inmiscuit</span> <span class='ocrx_word' id='word_1_147' title='bbox 919 2207 1024 2272; x_wconf 88' lang='lat' dir='ltr'>armis.</span> 
     </span>
    </p>

    <p class='ocr_par' dir='ltr' id='par_1_8' title="bbox 179 2291 1067 2633">
     <span class='ocr_line' id='line_1_23' title="bbox 179 2291 1063 2373; baseline -0.002 -15"><span class='ocrx_word' id='word_1_148' title='bbox 179 2294 241 2359; x_wconf 90' lang='lat' dir='ltr'>Illa</span> <span class='ocrx_word' id='word_1_149' title='bbox 262 2313 360 2359; x_wconf 90' lang='lat' dir='ltr'>manu</span> <span class='ocrx_word' id='word_1_150' title='bbox 379 2294 522 2359; x_wconf 91' lang='lat' dir='ltr'>moriens</span> <span class='ocrx_word' id='word_1_151' title='bbox 544 2294 780 2373; x_wconf 79' lang='lat' dir='ltr'>telumtrahit3</span> <span class='ocrx_word' id='word_1_152' title='bbox 803 2311 876 2358; x_wconf 89' lang='lat' dir='ltr'>ossa</span> <span class='ocrx_word' id='word_1_153' title='bbox 897 2292 955 2358; x_wconf 88' lang='lat' dir='ltr'>sed</span> <span class='ocrx_word' id='word_1_154' title='bbox 976 2291 1063 2358; x_wconf 91' lang='lat' dir='ltr'>inter</span> 
     </span>
     <span class='ocr_line' id='line_1_24' title="bbox 179 2379 983 2444; baseline -0.002 0"><span class='ocrx_word' id='word_1_155' title='bbox 179 2380 320 2444; x_wconf 88' lang='lat' dir='ltr'>Ferreus</span> <span class='ocrx_word' id='word_1_156' title='bbox 341 2379 383 2444; x_wconf 89' lang='lat' dir='ltr'>ad</span> <span class='ocrx_word' id='word_1_157' title='bbox 405 2384 511 2444; x_wconf 89' lang='lat' dir='ltr'>costas</span> <span class='ocrx_word' id='word_1_158' title='bbox 534 2379 600 2444; x_wconf 87' lang='lat' dir='ltr'>alto</span> <span class='ocrx_word' id='word_1_159' title='bbox 621 2383 689 2444; x_wconf 90' lang='lat' dir='ltr'>stat</span> <span class='ocrx_word' id='word_1_160' title='bbox 710 2379 843 2444; x_wconf 91' lang='lat' dir='ltr'>volnere</span> <span class='ocrx_word' id='word_1_161' title='bbox 864 2395 983 2442; x_wconf 87' lang='lat' dir='ltr'>mucro.</span> 
     </span>
     <span class='ocr_line' id='line_1_25' title="bbox 179 2463 923 2547; baseline -0.003 -16"><span class='ocrx_word' id='word_1_162' title='bbox 179 2465 317 2531; x_wconf 86' lang='lat' dir='ltr'>Labitur</span> <span class='ocrx_word' id='word_1_163' title='bbox 339 2465 522 2547; x_wconf 58' lang='lat' dir='ltr'>exsanguis</span> <span class='ocrx_word' id='word_1_164' title='bbox 544 2464 697 2531; x_wconf 89' lang='lat' dir='ltr'>labuntur</span> <span class='ocrx_word' id='word_1_165' title='bbox 718 2463 836 2547; x_wconf 79' lang='lat' dir='ltr'>frigida</span> <span class='ocrx_word' id='word_1_166' title='bbox 857 2464 923 2529; x_wconf 87' lang='lat' dir='ltr'>leto</span> 
     </span>
     <span class='ocr_line' id='line_1_26' title="bbox 180 2548 1067 2633; baseline -0.005 -16"><span class='ocrx_word' id='word_1_167' title='bbox 180 2551 330 2630; x_wconf 83' lang='lat' dir='ltr'>Lumina3</span> <span class='ocrx_word' id='word_1_168' title='bbox 353 2569 533 2633; x_wconf 87' lang='lat' dir='ltr'>purpureus</span> <span class='ocrx_word' id='word_1_169' title='bbox 555 2552 717 2632; x_wconf 90' lang='lat' dir='ltr'>quondam</span> <span class='ocrx_word' id='word_1_170' title='bbox 739 2550 828 2616; x_wconf 91' lang='lat' dir='ltr'>color</span> <span class='ocrx_word' id='word_1_171' title='bbox 850 2569 907 2615; x_wconf 90' lang='lat' dir='ltr'>ora</span> <span class='ocrx_word' id='word_1_172' title='bbox 928 2548 1067 2630; x_wconf 87' lang='lat' dir='ltr'>reliquit</span> 
     </span>
    </p>

    <p class='ocr_par' dir='ltr' id='par_1_9' title="bbox 91 2635 1139 3060">
     <span class='ocr_line' id='line_1_27' title="bbox 91 2635 1073 2719; baseline -0.006 -15"><span class='ocrx_word' id='word_1_173' title='bbox 91 2638 158 2704; x_wconf 90' lang='grc'><strong>820</strong></span> <span class='ocrx_word' id='word_1_174' title='bbox 183 2638 265 2702; x_wconf 85' lang='lat' dir='ltr'>Tum</span> <span class='ocrx_word' id='word_1_175' title='bbox 287 2636 333 2701; x_wconf 89' lang='lat' dir='ltr'>sic</span> <span class='ocrx_word' id='word_1_176' title='bbox 355 2637 521 2718; x_wconf 80' lang='lat' dir='ltr'>exspirans</span> <span class='ocrx_word' id='word_1_177' title='bbox 543 2638 673 2716; x_wconf 86' lang='lat' dir='ltr'>Accam,</span> <span class='ocrx_word' id='word_1_178' title='bbox 700 2655 740 2701; x_wconf 86' lang='lat' dir='ltr'>ex</span> <span class='ocrx_word' id='word_1_179' title='bbox 761 2635 947 2719; x_wconf 88' lang='lat' dir='ltr'>aequalibus</span> <span class='ocrx_word' id='word_1_180' title='bbox 969 2653 1073 2714; x_wconf 91' lang='lat' dir='ltr'>unam,</span> 
     </span>
     <span class='ocr_line' id='line_1_28' title="bbox 181 2719 1054 2804; baseline -0.005 -17"><span class='ocrx_word' id='word_1_181' title='bbox 181 2721 389 2803; x_wconf 84' lang='lat' dir='ltr'>Adloquitur3</span> <span class='ocrx_word' id='word_1_182' title='bbox 411 2720 477 2787; x_wconf 82' lang='lat' dir='ltr'>fida</span> <span class='ocrx_word' id='word_1_183' title='bbox 497 2727 575 2787; x_wconf 89' lang='lat' dir='ltr'>ante</span> <span class='ocrx_word' id='word_1_184' title='bbox 596 2722 675 2787; x_wconf 85' lang='lat' dir='ltr'>ahos</span> <span class='ocrx_word' id='word_1_185' title='bbox 697 2740 779 2804; x_wconf 88' lang='lat' dir='ltr'>qnae</span> <span class='ocrx_word' id='word_1_186' title='bbox 802 2722 871 2787; x_wconf 87' lang='lat' dir='ltr'>sola</span> <span class='ocrx_word' id='word_1_187' title='bbox 893 2719 1054 2799; x_wconf 79' lang='lat' dir='ltr'>Camillae,</span> 
     </span>
     <span class='ocr_line' id='line_1_29' title="bbox 182 2805 992 2891; baseline -0.002 -19"><span class='ocrx_word' id='word_1_188' title='bbox 182 2807 318 2891; x_wconf 84' lang='lat' dir='ltr'>Quicum</span> <span class='ocrx_word' id='word_1_189' title='bbox 361 2806 453 2872; x_wconf 89' lang='lat' dir='ltr'>artiri</span> <span class='ocrx_word' id='word_1_190' title='bbox 476 2824 581 2888; x_wconf 86' lang='lat' dir='ltr'>cures;</span> <span class='ocrx_word' id='word_1_191' title='bbox 604 2812 701 2891; x_wconf 79' lang='lat' dir='ltr'>atque</span> <span class='ocrx_word' id='word_1_192' title='bbox 722 2807 803 2873; x_wconf 86' lang='lat' dir='ltr'>haec</span> <span class='ocrx_word' id='word_1_193' title='bbox 824 2807 872 2871; x_wconf 93' lang='lat' dir='ltr'>ita</span> <span class='ocrx_word' id='word_1_194' title='bbox 892 2805 992 2871; x_wconf 87' lang='lat' dir='ltr'>latur:</span> 
     </span>
     <span class='ocr_line' id='line_1_30' title="bbox 180 2890 1139 2977; baseline -0.003 -19"><span class='ocrx_word' id='word_1_195' title='bbox 180 2892 309 2958; x_wconf 91' lang='lat' dir='ltr'>Hacten</span> <span class='ocrx_word' id='word_1_196' title='bbox 353 2894 471 2969; x_wconf 87' lang='lat' dir='ltr'>,Acca</span> <span class='ocrx_word' id='word_1_197' title='bbox 491 2911 596 2972; x_wconf 86' lang='lat' dir='ltr'>soror,</span> <span class='ocrx_word' id='word_1_198' title='bbox 616 2893 723 2977; x_wconf 76' lang='lat' dir='ltr'>potui,</span> <span class='ocrx_word' id='word_1_199' title='bbox 745 2912 830 2959; x_wconf 92' lang='lat' dir='ltr'>nunc</span> <span class='ocrx_word' id='word_1_200' title='bbox 852 2893 966 2958; x_wconf 82' lang='lat' dir='ltr'>volnus</span> <span class='ocrx_word' id='word_1_201' title='bbox 988 2890 1139 2957; x_wconf 90' lang='lat' dir='ltr'>acerbum</span> 
     </span>
     <span class='ocr_line' id='line_1_31' title="bbox 181 2977 1042 3060; baseline -0.001 -18"><span class='ocrx_word' id='word_1_202' title='bbox 181 2977 333 3058; x_wconf 87' lang='lat' dir='ltr'>Conficit,</span> <span class='ocrx_word' id='word_1_203' title='bbox 348 2983 390 3043; x_wconf 89' lang='lat' dir='ltr'>et</span> <span class='ocrx_word' id='word_1_204' title='bbox 410 2978 554 3043; x_wconf 87' lang='lat' dir='ltr'>tenebris</span> <span class='ocrx_word' id='word_1_205' title='bbox 575 2979 764 3060; x_wconf 81' lang='lat' dir='ltr'>nigrescunt</span> <span class='ocrx_word' id='word_1_206' title='bbox 785 2978 893 3044; x_wconf 91' lang='lat' dir='ltr'>omnia</span> <span class='ocrx_word' id='word_1_207' title='bbox 915 2978 1042 3043; x_wconf 90' lang='lat' dir='ltr'>circum.</span> 
     </span>
    </p>

    <p class='ocr_par' dir='ltr' id='par_1_10' title="bbox 92 3060 1110 3491">
     <span class='ocr_line' id='line_1_32' title="bbox 92 3060 1097 3146; baseline -0.004 -17"><span class='ocrx_word' id='word_1_208' title='bbox 92 3063 158 3130; x_wconf 86' lang='grc'><strong>825</strong></span> <span class='ocrx_word' id='word_1_209' title='bbox 181 3063 298 3146; x_wconf 81' lang='lat' dir='ltr'>Effuge</span> <span class='ocrx_word' id='word_1_210' title='bbox 322 3068 355 3129; x_wconf 91' lang='lat' dir='ltr'>et</span> <span class='ocrx_word' id='word_1_211' title='bbox 376 3064 456 3129; x_wconf 89' lang='lat' dir='ltr'>haec</span> <span class='ocrx_word' id='word_1_212' title='bbox 478 3064 588 3129; x_wconf 85' lang='lat' dir='ltr'>Turno</span> <span class='ocrx_word' id='word_1_213' title='bbox 608 3064 761 3130; x_wconf 89' lang='lat' dir='ltr'>mandata</span> <span class='ocrx_word' id='word_1_214' title='bbox 782 3064 955 3129; x_wconf 74' lang='lat' dir='ltr'>nodssima</span> <span class='ocrx_word' id='word_1_215' title='bbox 975 3060 1097 3145; x_wconf 86' lang='lat' dir='ltr'>perfer:</span> 
     </span>
     <span class='ocr_line' id='line_1_33' title="bbox 182 3148 973 3232; baseline -0.004 -17"><span class='ocrx_word' id='word_1_216' title='bbox 182 3148 344 3215; x_wconf 86' lang='lat' dir='ltr'>Succedat</span> <span class='ocrx_word' id='word_1_217' title='bbox 364 3166 492 3232; x_wconf 81' lang='lat' dir='ltr'>pugnae</span> <span class='ocrx_word' id='word_1_218' title='bbox 514 3149 733 3230; x_wconf 76' lang='lat' dir='ltr'>&#39;l&#39;roianosque</span> <span class='ocrx_word' id='word_1_219' title='bbox 755 3152 864 3215; x_wconf 87' lang='lat' dir='ltr'>arceat</span> <span class='ocrx_word' id='word_1_220' title='bbox 885 3148 973 3213; x_wconf 82' lang='lat' dir='ltr'>moe.</span> 
     </span>
     <span class='ocr_line' id='line_1_34' title="bbox 181 3232 1110 3318; baseline -0.004 -18"><span class='ocrx_word' id='word_1_221' title='bbox 181 3235 318 3317; x_wconf 83' lang='lat' dir='ltr'>Iamque</span> <span class='ocrx_word' id='word_1_222' title='bbox 339 3235 418 3301; x_wconf 84' lang='lat' dir='ltr'>vole</span> <span class='ocrx_word' id='word_1_223' title='bbox 463 3234 564 3301; x_wconf 89' lang='lat' dir='ltr'>Simul</span> <span class='ocrx_word' id='word_1_224' title='bbox 584 3234 634 3300; x_wconf 90' lang='lat' dir='ltr'>his</span> <span class='ocrx_word' id='word_1_225' title='bbox 657 3234 751 3301; x_wconf 90' lang='lat' dir='ltr'>dictis</span> <span class='ocrx_word' id='word_1_226' title='bbox 773 3234 940 3318; x_wconf 89' lang='lat' dir='ltr'>linquebat</span> <span class='ocrx_word' id='word_1_227' title='bbox 961 3232 1110 3311; x_wconf 87' lang='lat' dir='ltr'>habenas,</span> 
     </span>
     <span class='ocr_line' id='line_1_35' title="bbox 180 3318 1089 3408; baseline -0.007 -21"><span class='ocrx_word' id='word_1_228' title='bbox 180 3321 235 3387; x_wconf 83' lang='lat' dir='ltr'>Ad</span> <span class='ocrx_word' id='word_1_229' title='bbox 256 3325 378 3387; x_wconf 89' lang='lat' dir='ltr'>terram</span> <span class='ocrx_word' id='word_1_230' title='bbox 398 3338 464 3387; x_wconf 92' lang='lat' dir='ltr'>non</span> <span class='ocrx_word' id='word_1_231' title='bbox 486 3326 601 3408; x_wconf 92' lang='lat' dir='ltr'>sponte</span> <span class='ocrx_word' id='word_1_232' title='bbox 621 3318 733 3385; x_wconf 85' lang='lat' dir='ltr'>fluens</span> <span class='ocrx_word' id='word_1_233' title='bbox 778 3318 860 3385; x_wconf 86' lang='lat' dir='ltr'>Tum</span> <span class='ocrx_word' id='word_1_234' title='bbox 880 3318 997 3401; x_wconf 80' lang='lat' dir='ltr'>frigida</span> <span class='ocrx_word' id='word_1_235' title='bbox 1018 3321 1089 3382; x_wconf 91' lang='lat' dir='ltr'>toto</span> 
     </span>
     <span class='ocr_line' id='line_1_36' title="bbox 181 3403 1008 3491; baseline -0.005 -20"><span class='ocrx_word' id='word_1_236' title='bbox 181 3406 344 3471; x_wconf 88' lang='lat' dir='ltr'>Paulatim</span> <span class='ocrx_word' id='word_1_237' title='bbox 365 3406 503 3471; x_wconf 87' lang='lat' dir='ltr'>exsolvit</span> <span class='ocrx_word' id='word_1_238' title='bbox 523 3424 559 3471; x_wconf 91' lang='lat' dir='ltr'>se</span> <span class='ocrx_word' id='word_1_239' title='bbox 581 3424 728 3491; x_wconf 88' lang='lat' dir='ltr'>corpore,</span> <span class='ocrx_word' id='word_1_240' title='bbox 750 3406 902 3487; x_wconf 87' lang='lat' dir='ltr'>lentaque</span> <span class='ocrx_word' id='word_1_241' title='bbox 925 3403 1008 3471; x_wconf 89' lang='lat' dir='ltr'>colla</span> 
     </span>
    </p>

    <p class='ocr_par' dir='ltr' id='par_1_11' title="bbox 93 3490 1092 3747">
     <span class='ocr_line' id='line_1_37' title="bbox 93 3490 1056 3575; baseline -0.006 -16"><span class='ocrx_word' id='word_1_242' title='bbox 93 3492 160 3559; x_wconf 84' lang='grc'>880</span> <span class='ocrx_word' id='word_1_243' title='bbox 181 3492 228 3558; x_wconf 86' lang='lat' dir='ltr'>Et</span> <span class='ocrx_word' id='word_1_244' title='bbox 250 3497 380 3574; x_wconf 92' lang='lat' dir='ltr'>captum</span> <span class='ocrx_word' id='word_1_245' title='bbox 401 3492 469 3557; x_wconf 90' lang='lat' dir='ltr'>leto</span> <span class='ocrx_word' id='word_1_246' title='bbox 490 3491 599 3575; x_wconf 89' lang='lat' dir='ltr'>posuit</span> <span class='ocrx_word' id='word_1_247' title='bbox 621 3496 729 3573; x_wconf 86' lang='lat' dir='ltr'>caput,</span> <span class='ocrx_word' id='word_1_248' title='bbox 752 3510 842 3557; x_wconf 78' lang='lat' dir='ltr'>mma</span> <span class='ocrx_word' id='word_1_249' title='bbox 862 3490 1056 3571; x_wconf 86' lang='lat' dir='ltr'>relinquens,</span> 
     </span>
     <span class='ocr_line' id='line_1_38' title="bbox 181 3573 1092 3660; baseline -0.005 -17"><span class='ocrx_word' id='word_1_250' title='bbox 181 3577 324 3659; x_wconf 90' lang='lat' dir='ltr'>Vitaque</span> <span class='ocrx_word' id='word_1_251' title='bbox 346 3597 416 3643; x_wconf 90' lang='lat' dir='ltr'>oum</span> <span class='ocrx_word' id='word_1_252' title='bbox 440 3577 562 3660; x_wconf 80' lang='lat' dir='ltr'>gemitu</span> <span class='ocrx_word' id='word_1_253' title='bbox 582 3575 665 3659; x_wconf 82' lang='lat' dir='ltr'>fugit</span> <span class='ocrx_word' id='word_1_254' title='bbox 685 3576 853 3658; x_wconf 83' lang='lat' dir='ltr'>indignata</span> <span class='ocrx_word' id='word_1_255' title='bbox 874 3576 933 3641; x_wconf 92' lang='lat' dir='ltr'>sub</span> <span class='ocrx_word' id='word_1_256' title='bbox 955 3573 1092 3639; x_wconf 80' lang='lat' dir='ltr'>umbras</span> 
     </span>
     <span class='ocr_line' id='line_1_39' title="bbox 183 3660 1067 3747; baseline -0.007 -18"><span class='ocrx_word' id='word_1_257' title='bbox 183 3664 269 3729; x_wconf 91' lang='lat' dir='ltr'>Tum</span> <span class='ocrx_word' id='word_1_258' title='bbox 290 3680 368 3730; x_wconf 83' lang='lat' dir='ltr'>vero</span> <span class='ocrx_word' id='word_1_259' title='bbox 388 3663 552 3727; x_wconf 90' lang='lat' dir='ltr'>inmensus</span> <span class='ocrx_word' id='word_1_260' title='bbox 574 3680 709 3747; x_wconf 80' lang='lat' dir='ltr'>surgens</span> <span class='ocrx_word' id='word_1_261' title='bbox 730 3660 807 3727; x_wconf 87' lang='lat' dir='ltr'>ierit</span> <span class='ocrx_word' id='word_1_262' title='bbox 829 3678 926 3728; x_wconf 88' lang='lat' dir='ltr'>aurea</span> <span class='ocrx_word' id='word_1_263' title='bbox 948 3661 1067 3725; x_wconf 89' lang='lat' dir='ltr'>clamor</span> 
     </span>
    </p>
   </div>
   <div class='ocr_carea' id='block_1_3' title="bbox 95 3800 1359 4425">
    <p class='ocr_par' dir='ltr' id='par_1_12' title="bbox 95 3800 1359 4425">
     <span class='ocr_line' id='line_1_40' title="bbox 95 3800 1284 3875; baseline -0.001 -15"><span class='ocrx_word' id='word_1_264' title='bbox 95 3807 155 3863; x_wconf 93' lang='grc'><strong>795.</strong></span> <span class='ocrx_word' id='word_1_265' title='bbox 175 3826 200 3861; x_wconf 79' lang='lat' dir='ltr'>v.</span> <span class='ocrx_word' id='word_1_266' title='bbox 216 3807 241 3874; x_wconf 90' lang='grc'>9,</span> <span class='ocrx_word' id='word_1_267' title='bbox 253 3807 313 3863; x_wconf 86' lang='grc'><strong>318.</strong></span> <span class='ocrx_word' id='word_1_268' title='bbox 360 3806 420 3861; x_wconf 89' lang='grc'><strong>801.</strong></span> <span class='ocrx_word' id='word_1_269' title='bbox 438 3826 485 3861; x_wconf 79' lang='lat' dir='ltr'>noo</span> <span class='ocrx_word' id='word_1_270' title='bbox 501 3821 587 3861; x_wconf 66' lang='lat' dir='ltr'>aaran</span> <span class='ocrx_word' id='word_1_271' title='bbox 604 3808 700 3859; x_wconf 74' lang='lat' dir='ltr'>reform</span> <span class='ocrx_word' id='word_1_272' title='bbox 717 3809 750 3859; x_wconf 78' lang='lat' dir='ltr'>ad</span> <span class='ocrx_word' id='word_1_273' title='bbox 764 3822 813 3875; x_wconf 78' lang='lat' dir='ltr'>por</span> <span class='ocrx_word' id='word_1_274' title='bbox 831 3822 913 3858; x_wconf 77' lang='lat' dir='ltr'>aurae</span> <span class='ocrx_word' id='word_1_275' title='bbox 931 3822 971 3857; x_wconf 86' lang='lat' dir='ltr'>vs.</span> <span class='ocrx_word' id='word_1_276' title='bbox 990 3801 1040 3857; x_wconf 92' lang='grc'>799</span> <span class='ocrx_word' id='word_1_277' title='bbox 1058 3811 1085 3856; x_wconf 87' lang='lat' dir='ltr'>et</span> <span class='ocrx_word' id='word_1_278' title='bbox 1101 3804 1133 3856; x_wconf 87' lang='lat' dir='ltr'>ci.</span> <span class='ocrx_word' id='word_1_279' title='bbox 1151 3820 1191 3856; x_wconf 85' lang='lat' dir='ltr'>vs.</span> <span class='ocrx_word' id='word_1_280' title='bbox 1209 3800 1284 3875; x_wconf 83' lang='grc'><strong>8631</strong></span> 
     </span>
     <span class='ocr_line' id='line_1_41' title="bbox 95 3868 1359 3996; baseline -0.006 -66"><span class='ocrx_word' id='word_1_281' title='bbox 95 3875 156 3930; x_wconf 64' lang='lat' dir='ltr'>wil.</span> <span class='ocrx_word' id='word_1_282' title='bbox 174 3896 201 3931; x_wconf 83' lang='grc' dir='ltr'><strong>ν.</strong></span> <span class='ocrx_word' id='word_1_283' title='bbox 221 3876 311 3931; x_wconf 70' lang='lat' dir='ltr'>veel</span> <span class='ocrx_word' id='word_1_284' title='bbox 328 3878 351 3941; x_wconf 87' lang='grc' dir='ltr'>,Ι</span> <span class='ocrx_word' id='word_1_285' title='bbox 384 3875 444 3930; x_wconf 87' lang='grc'><strong>806.</strong></span> <span class='ocrx_word' id='word_1_286' title='bbox 463 3878 539 3942; x_wconf 72' lang='lat' dir='ltr'>lunge</span> <span class='ocrx_word' id='word_1_287' title='bbox 557 3883 619 3927; x_wconf 79' lang='lat' dir='ltr'>onte</span> <span class='ocrx_word' id='word_1_288' title='bbox 635 3881 719 3928; x_wconf 80' lang='lat' dir='ltr'>omnir</span> <span class='ocrx_word' id='word_1_289' title='bbox 736 3871 813 3996; x_wconf 42' lang='lat' dir='ltr'>aaa&amp;</span> <span class='ocrx_word' id='word_1_290' title='bbox 841 3870 900 3928; x_wconf 89' lang='grc'><strong>809.</strong></span> <span class='ocrx_word' id='word_1_291' title='bbox 918 3875 968 3939; x_wconf 76' lang='lat' dir='ltr'>dte,</span> <span class='ocrx_word' id='word_1_292' title='bbox 986 3888 1012 3923; x_wconf 87' lang='lat' dir='ltr'>v.</span> <span class='ocrx_word' id='word_1_293' title='bbox 1031 3868 1055 3937; x_wconf 87' lang='grc'>7,</span> <span class='ocrx_word' id='word_1_294' title='bbox 1074 3870 1131 3926; x_wconf 90' lang='grc'><strong>110.</strong></span> <span class='ocrx_word' id='word_1_295' title='bbox 1167 3874 1283 3926; x_wconf 63' lang='lat' dir='ltr'>&amp;terum</span> <span class='ocrx_word' id='word_1_296' title='bbox 1350 3876 1359 3893; x_wconf 79' lang='grc'><em>·</em></span> 
     </span>
     <span class='ocr_line' id='line_1_42' title="bbox 96 3938 1284 4014; baseline -0.003 -17"><span class='ocrx_word' id='word_1_297' title='bbox 96 3944 427 4014; x_wconf 70' lang='grc' dir='ltr'><strong>01.11οιιι.1115,5861ι1.</strong></span> <span class='ocrx_word' id='word_1_298' title='bbox 447 3947 512 3998; x_wconf 82' lang='lat' dir='ltr'>addc</span> <span class='ocrx_word' id='word_1_299' title='bbox 529 3942 571 4008; x_wconf 87' lang='grc'>18,</span> <span class='ocrx_word' id='word_1_300' title='bbox 589 3942 641 3996; x_wconf 90' lang='grc'>812</span> <span class='ocrx_word' id='word_1_301' title='bbox 659 3938 726 4014; x_wconf 58' lang='lat' dir='ltr'>sqq]</span> <span class='ocrx_word' id='word_1_302' title='bbox 761 3943 793 3997; x_wconf 90' lang='lat'>81</span> <span class='ocrx_word' id='word_1_303' title='bbox 815 3988 820 3997; x_wconf 92' lang='lat'><em>.</em></span> <span class='ocrx_word' id='word_1_304' title='bbox 838 3947 921 4008; x_wconf 78' lang='lat' dir='ltr'>ovim,</span> <span class='ocrx_word' id='word_1_305' title='bbox 940 3943 1077 4011; x_wconf 83' lang='lat' dir='ltr'>proripiens</span> <span class='ocrx_word' id='word_1_306' title='bbox 1096 3959 1123 3994; x_wconf 90' lang='lat' dir='ltr'>se</span> <span class='ocrx_word' id='word_1_307' title='bbox 1141 3958 1187 4010; x_wconf 86' lang='lat' dir='ltr'>per·</span> <span class='ocrx_word' id='word_1_308' title='bbox 1204 3942 1284 4013; x_wconf 69' lang='lat' dir='ltr'>avia}</span> 
     </span>
     <span class='ocr_line' id='line_1_43' title="bbox 96 4011 1284 4083; baseline -0.002 -18"><span class='ocrx_word' id='word_1_309' title='bbox 96 4011 155 4067; x_wconf 89' lang='grc'><strong>815.</strong></span> <span class='ocrx_word' id='word_1_310' title='bbox 174 4017 321 4069; x_wconf 74' lang='lat' dir='ltr'>Contentus</span> <span class='ocrx_word' id='word_1_311' title='bbox 337 4017 419 4083; x_wconf 73' lang='lat' dir='ltr'>suga,</span> <span class='ocrx_word' id='word_1_312' title='bbox 437 4022 466 4067; x_wconf 88' lang='lat' dir='ltr'>nt</span> <span class='ocrx_word' id='word_1_313' title='bbox 482 4016 591 4079; x_wconf 79' lang='lat' dir='ltr'>videtur,</span> <span class='ocrx_word' id='word_1_314' title='bbox 611 4015 636 4065; x_wconf 92' lang='lat' dir='ltr'>id</span> <span class='ocrx_word' id='word_1_315' title='bbox 655 4013 720 4079; x_wconf 83' lang='lat' dir='ltr'>quod</span> <span class='ocrx_word' id='word_1_316' title='bbox 739 4011 860 4064; x_wconf 69' lang='lat' dir='ltr'>contenta</span> <span class='ocrx_word' id='word_1_317' title='bbox 869 4011 960 4078; x_wconf 67' lang='lat' dir='ltr'>sagei,</span> <span class='ocrx_word' id='word_1_318' title='bbox 978 4013 1183 4079; x_wconf 86' lang='lat' dir='ltr'>quemadmodum</span> <span class='ocrx_word' id='word_1_319' title='bbox 1194 4012 1284 4063; x_wconf 82' lang='lat' dir='ltr'>dieitur</span> 
     </span>
     <span class='ocr_line' id='line_1_44' title="bbox 98 4074 1284 4155; baseline -0.007 -20"><span class='ocrx_word' id='word_1_320' title='bbox 98 4086 222 4137; x_wconf 79' lang='lat' dir='ltr'>contendo</span> <span class='ocrx_word' id='word_1_321' title='bbox 226 4082 358 4155; x_wconf 68' lang='lat' dir='ltr'>jugere}</span> <span class='ocrx_word' id='word_1_322' title='bbox 391 4082 450 4137; x_wconf 90' lang='grc'><strong>818.</strong></span> <span class='ocrx_word' id='word_1_323' title='bbox 469 4085 550 4151; x_wconf 79' lang='lat' dir='ltr'>Supra</span> <span class='ocrx_word' id='word_1_324' title='bbox 561 4100 600 4133; x_wconf 83' lang='lat' dir='ltr'>vs.</span> <span class='ocrx_word' id='word_1_325' title='bbox 611 4081 663 4135; x_wconf 89' lang='grc'><strong>805</strong></span> <span class='ocrx_word' id='word_1_326' title='bbox 680 4088 821 4133; x_wconf 85' lang='lat' dir='ltr'>ruentem</span> <span class='ocrx_word' id='word_1_327' title='bbox 839 4080 1019 4148; x_wconf 87' lang='lat' dir='ltr'>suscipiunt</span> <span class='ocrx_word' id='word_1_328' title='bbox 1030 4082 1142 4146; x_wconf 86' lang='lat' dir='ltr'>comites,</span> <span class='ocrx_word' id='word_1_329' title='bbox 1155 4074 1284 4147; x_wconf 87' lang='lat' dir='ltr'>prohibent</span> 
     </span>
     <span class='ocr_line' id='line_1_45' title="bbox 97 4151 1284 4220; baseline -0.01 -13"><span class='ocrx_word' id='word_1_330' title='bbox 97 4152 188 4220; x_wconf 65' lang='lat' dir='ltr'>igitur,</span> <span class='ocrx_word' id='word_1_331' title='bbox 213 4156 345 4219; x_wconf 84' lang='lat' dir='ltr'>quominus</span> <span class='ocrx_word' id='word_1_332' title='bbox 361 4160 434 4215; x_wconf 65' lang='grc' dir='ltr'>ταῖς</span> <span class='ocrx_word' id='word_1_333' title='bbox 458 4152 508 4203; x_wconf 82' lang='lat' dir='ltr'>ian</span> <span class='ocrx_word' id='word_1_334' title='bbox 526 4152 649 4203; x_wconf 79' lang='lat' dir='ltr'>labitur</span> <span class='ocrx_word' id='word_1_335' title='bbox 664 4151 783 4201; x_wconf 80' lang='lat' dir='ltr'>inclinato</span> <span class='ocrx_word' id='word_1_336' title='bbox 801 4164 919 4217; x_wconf 83' lang='lat' dir='ltr'>corpore,</span> <span class='ocrx_word' id='word_1_337' title='bbox 942 4151 1119 4202; x_wconf 85' lang='lat' dir='ltr'>inclinantibus</span> <span class='ocrx_word' id='word_1_338' title='bbox 1142 4161 1237 4214; x_wconf 79' lang='lat' dir='ltr'>qnoque</span> <span class='ocrx_word' id='word_1_339' title='bbox 1254 4160 1284 4196; x_wconf 83' lang='lat' dir='ltr'>so</span> 
     </span>
     <span class='ocr_line' id='line_1_46' title="bbox 99 4208 1284 4289; baseline -0.008 -15"><span class='ocrx_word' id='word_1_340' title='bbox 99 4223 190 4284; x_wconf 65' lang='lat' dir='ltr'>eculin</span> <span class='ocrx_word' id='word_1_341' title='bbox 214 4223 322 4289; x_wconf 75' lang='lat' dir='ltr'>denique</span> <span class='ocrx_word' id='word_1_342' title='bbox 342 4239 381 4274; x_wconf 83' lang='lat' dir='ltr'>vs.</span> <span class='ocrx_word' id='word_1_343' title='bbox 403 4217 456 4271; x_wconf 87' lang='grc'>828</span> <span class='ocrx_word' id='word_1_344' title='bbox 478 4218 567 4273; x_wconf 78' lang='lat' dir='ltr'>caditl</span> <span class='ocrx_word' id='word_1_345' title='bbox 607 4218 667 4272; x_wconf 87' lang='grc'><strong>821.</strong></span> <span class='ocrx_word' id='word_1_346' title='bbox 685 4217 758 4280; x_wconf 71' lang='lat' dir='ltr'>solu,</span> <span class='ocrx_word' id='word_1_347' title='bbox 780 4233 806 4273; x_wconf 87' lang='lat' dir='ltr'>v.</span> <span class='ocrx_word' id='word_1_348' title='bbox 829 4216 859 4282; x_wconf 90' lang='grc'>2,</span> <span class='ocrx_word' id='word_1_349' title='bbox 881 4215 958 4282; x_wconf 65' lang='lat' dir='ltr'>lael</span> <span class='ocrx_word' id='word_1_350' title='bbox 987 4216 1046 4271; x_wconf 87' lang='grc'><strong>822.</strong></span> <span class='ocrx_word' id='word_1_351' title='bbox 1072 4235 1096 4269; x_wconf 87' lang='grc' dir='ltr'>ιι.</span> <span class='ocrx_word' id='word_1_352' title='bbox 1115 4216 1144 4267; x_wconf 80' lang='lat' dir='ltr'>G.</span> <span class='ocrx_word' id='word_1_353' title='bbox 1163 4215 1192 4277; x_wconf 93' lang='lat'>1,</span> <span class='ocrx_word' id='word_1_354' title='bbox 1210 4208 1284 4283; x_wconf 77' lang='grc'><strong>2091</strong></span> 
     </span>
     <span class='ocr_line' id='line_1_47' title="bbox 100 4279 1276 4359; baseline -0.009 -14"><span class='ocrx_word' id='word_1_355' title='bbox 100 4290 156 4345; x_wconf 78' lang='grc'>828</span> <span class='ocrx_word' id='word_1_356' title='bbox 175 4294 267 4359; x_wconf 61' lang='lat' dir='ltr'>pom,</span> <span class='ocrx_word' id='word_1_357' title='bbox 291 4292 362 4343; x_wconf 80' lang='lat' dir='ltr'>valui</span> <span class='ocrx_word' id='word_1_358' title='bbox 384 4288 504 4359; x_wconf 69' lang='lat' dir='ltr'>viribus}</span> <span class='ocrx_word' id='word_1_359' title='bbox 537 4286 597 4341; x_wconf 86' lang='grc'><strong>828.</strong></span> <span class='ocrx_word' id='word_1_360' title='bbox 616 4287 689 4340; x_wconf 80' lang='lat' dir='ltr'>Suco.</span> <span class='ocrx_word' id='word_1_361' title='bbox 705 4304 744 4355; x_wconf 74' lang='lat' dir='ltr'>pa,</span> <span class='ocrx_word' id='word_1_362' title='bbox 767 4302 792 4338; x_wconf 87' lang='lat' dir='ltr'>v.</span> <span class='ocrx_word' id='word_1_363' title='bbox 817 4285 864 4351; x_wconf 89' lang='grc'>10,</span> <span class='ocrx_word' id='word_1_364' title='bbox 888 4284 962 4359; x_wconf 87' lang='grc'><strong>6901</strong></span> <span class='ocrx_word' id='word_1_365' title='bbox 997 4284 1057 4340; x_wconf 89' lang='grc'><strong>827.</strong></span> <span class='ocrx_word' id='word_1_366' title='bbox 1080 4284 1173 4344; x_wconf 68' lang='lat' dir='ltr'>suot,</span> <span class='ocrx_word' id='word_1_367' title='bbox 1197 4296 1222 4331; x_wconf 80' lang='grc' dir='ltr'>ι’.</span> <span class='ocrx_word' id='word_1_368' title='bbox 1242 4279 1276 4333; x_wconf 91' lang='grc'>10</span> 
     </span>
     <span class='ocr_line' id='line_1_48' title="bbox 100 4318 1286 4425; baseline -0.012 -12"><span class='ocrx_word' id='word_1_369' title='bbox 100 4357 173 4425; x_wconf 62' lang='grc' dir='ltr'>ὤ61</span> <span class='ocrx_word' id='word_1_370' title='bbox 199 4356 261 4411; x_wconf 87' lang='grc'><strong>829.</strong></span> <span class='ocrx_word' id='word_1_371' title='bbox 279 4360 311 4411; x_wconf 80' lang='lat' dir='ltr'>ci.</span> <span class='ocrx_word' id='word_1_372' title='bbox 323 4353 435 4425; x_wconf 66' lang='grc'><strong>4,*1081</strong></span> <span class='ocrx_word' id='word_1_373' title='bbox 463 4356 522 4412; x_wconf 83' lang='lat'>831.</span> <span class='ocrx_word' id='word_1_374' title='bbox 540 4373 566 4407; x_wconf 85' lang='lat' dir='ltr'>v.</span> <span class='ocrx_word' id='word_1_375' title='bbox 577 4355 605 4421; x_wconf 83' lang='lat'>4,</span> <span class='ocrx_word' id='word_1_376' title='bbox 614 4352 690 4425; x_wconf 79' lang='grc'><strong>4921</strong></span> <span class='ocrx_word' id='word_1_377' title='bbox 716 4353 776 4409; x_wconf 82' lang='grc'><strong>832.</strong></span> <span class='ocrx_word' id='word_1_378' title='bbox 794 4358 1064 4421; x_wconf 70' lang='grc' dir='ltr'>ιἰιιιιιιιιειιειιινμιιε,</span> <span class='ocrx_word' id='word_1_379' title='bbox 1081 4366 1105 4401; x_wconf 86' lang='grc' dir='ltr'><strong>ν.</strong></span> <span class='ocrx_word' id='word_1_380' title='bbox 1119 4349 1148 4401; x_wconf 83' lang='lat' dir='ltr'>G.</span> <span class='ocrx_word' id='word_1_381' title='bbox 1162 4318 1286 4420; x_wconf 84' lang='grc'><strong>1,168.11</strong></span> 
     </span>
    </p>
   </div>
   <div class='ocr_carea' id='block_1_4' title="bbox 0 0 1488 4975">
    <p class='ocr_par' dir='ltr' id='par_1_13' title="bbox 0 0 1488 4975">
     <span class='ocr_line' id='line_1_49' title="bbox 0 0 1488 4975; baseline 0 0"><span class='ocrx_word' id='word_1_382' title='bbox 0 0 1488 4975; x_wconf 95' lang='lat' dir='ltr'> </span> 
     </span>
    </p>
   </div>
  </div>
 </body>
</html>
