2942 4975
217 297 262 361 16
595 296 628 359 Ρ.
650 293 816 359 VIRGILI
838 293 1028 359 MARONIS

307 482 447 548 Mutabit
469 500 606 547 merces:
630 480 731 545 omnis
754 478 839 545 feret
861 481 969 555 omnia
990 482 1095 545 tellus.

238 568 285 633 40
307 568 380 632 Non
403 572 524 632 rastros
546 566 688 648 patietur
710 566 839 644 humuS,
861 584 926 629 non
947 566 1043 631 vinea
1063 566 1191 646 falcem;

306 653 467 718 Robustus
489 669 615 733 quoque
637 652 701 715 iam
723 650 825 714 tauris
846 651 922 733 iuga
943 652 1047 715 solvet
1069 657 1191 730 arator3

306 737 374 803 Nec
395 737 500 801 varios
522 737 625 802 discet
647 735 776 801 mentiri
798 735 872 800 lana
895 736 1027 814 colores,

306 823 378 905 Ipse
402 823 513 887 sedin
536 821 637 903 pratis
660 821 742 885 aries
763 820 826 885 iam
849 839 945 885 suave
967 820 1096 885 rubenti

307 908 444 985 Murice,
465 907 529 971 iam
553 925 664 971 croceo
687 905 826 970 mutabit
847 906 970 971 vellera
991 907 1073 984 lut03

238 992 285 1057 45
307 992 428 1075 Sponte
451 1011 509 1057 sua
531 992 651 1074 sandyx
673 992 835 1073 pascentis
857 991 974 1056 vestiet
997 1009 1105 1073 agnos.

308 1078 399 1143 Talia
421 1078 540 1155 saecla,
563 1077 629 1142 suis
652 1076 815 1155 dixerunt,
838 1077 970 1155 currite,
994 1075 1072 1141 tusis

308 1163 490 1229 Concordes
513 1162 619 1227 stabili
641 1161 781 1226 fatorum
803 1162 933 1226 numine
955 1163 1084 1227 Parcae.

307 1248 495 1329 Adgredere
518 1266 538 1311 o
559 1265 690 1328 magnos
712 1284 757 1295 -
777 1247 967 1311 edentium
989 1253 1115 1329 tempus
1136 1282 1179 1292 -—
1200 1246 1356 1328 honorae,

309 1332 392 1398 Cara
413 1334 508 1397 deum
531 1332 671 1410 suboles
694 1350 843 1417 magnum
865 1332 950 1397 Iovis
971 1332 1218 1397 incrementum!

240 1419 287 1485 50
309 1418 425 1500 Aspice
449 1436 589 1483 convexo
612 1422 781 1482 nutantem
803 1418 945 1499 pondere
967 1418 1128 1495 mundum,

309 1505 488 1587 Terraeque
511 1508 697 1584 tractusque
720 1502 817 1567 maris
840 1503 1027 1583 caelumque
1048 1501 1250 1584 profundum,

309 1589 438 1671 Aspice,
461 1594 597 1653 venturo
620 1589 785 1653 laetantur
806 1592 843 1652 ut
865 1588 973 1653 omnia
993 1588 1111 1652 saeclo!
1241 1608 1247 1613 ·

308 1675 336 1739 Ο
359 1674 436 1738 mihi
459 1679 524 1738 tam
546 1675 661 1753 longae
684 1678 813 1738 maneat
834 1692 908 1755 pars
931 1673 1045 1737 nidmu
1066 1672 1160 1751 vitae,

309 1760 446 1841 Spiritus
470 1762 515 1838 et,
539 1763 693 1839 quantum
716 1763 767 1823 sat
789 1759 851 1822 erit
873 1762 931 1823 tua
952 1758 1060 1822 dicere
1082 1757 1181 1823 iacta:

241 1844 287 1910 55
309 1845 382 1909 Non
405 1862 456 1908 me
480 1844 670 1909 carminibus
692 1844 800 1908 vincet
822 1863 882 1909 nec
905 1843 1060 1908 Thracius
1083 1843 1239 1925 Orpheae,
1363 1901 1380 1915 ,

309 1930 378 1994 Nec
399 1930 510 2007 Linus,
532 1929 607 1993 huic
629 1933 732 1993 mater
754 1930 897 2010 quamvis
920 1934 1016 2010 atque
1039 1929 1112 1993 huic
1134 1933 1227 2010 pater
1248 1929 1344 2010 adsit,

310 2014 431 2095 Orphei
454 2014 629 2096 Calliopea,
651 2014 731 2079 Lino
755 2013 914 2079 formosus
930 2015 1060 2095 Apollo.

308 2101 377 2163 Pan
401 2100 509 2177 etiam,
533 2099 671 2164 Arcadia
692 2117 817 2165 mecum
839 2100 867 2164 si
888 2099 993 2164 iudice
1017 2104 1128 2179 certet,

310 2186 378 2249 Pan
401 2185 497 2249 etiam
520 2184 656 2250 Arcadia
679 2184 766 2249 dicat
788 2204 823 2249 se
844 2185 950 2249 iudice
972 2185 1100 2249 victum.

243 2269 288 2334 60
309 2270 432 2352 Incipe,
454 2289 551 2351 parve
574 2289 666 2351 puer,
689 2270 756 2335 risu
779 2287 971 2351 cognoscere
993 2275 1143 2335 matrem:

310 2356 407 2421 Matri
428 2356 525 2438 longa
547 2357 657 2421 decem
681 2356 827 2421 tulerunt
848 2354 977 2421 fastidia
999 2374 1138 2434 mensem
1230 2434 1232 2438 ¹

310 2442 433 2524 Incipe,
456 2461 554 2524 parve
576 2461 671 2525 puer:
696 2442 747 2507 cui
768 2460 833 2507 non
855 2441 955 2506 risere
977 2446 1136 2523 parentes,

310 2528 378 2592 Nec
401 2529 479 2592 deus
502 2529 585 2593 hunc
609 2547 730 2606 mensa,
754 2528 815 2593 dea
837 2546 896 2592 nec
919 2528 1050 2610 dignata
1073 2527 1169 2592 cubili
1193 2533 1251 2593 est.

223 2715 308 2764 tundis
320 2715 455 2776 mercibus3
474 2715 554 2764 onnia
572 2716 634 2764 euim
654 2716 719 2766 domi
737 2714 891 2784 nascentur!
917 2713 959 2765 42.
972 2719 1099 2766 accercitur
1111 2716 1126 2766 t
1140 2716 1244 2779 colores,
1262 2724 1351 2783 utpote
1362 2734 1410 2767 uon

222 2798 284 2832 suos
303 2781 418 2845 reserens,
438 2783 479 2832 sed
499 2784 586 2848 quibus
604 2785 680 2834 tincta
693 2776 755 2847 est!
780 2780 814 2834 43
827 2799 879 2850 sqq.
898 2783 965 2834 Oves
983 2785 1032 2834 iam
1050 2792 1152 2851 carpent
1170 2784 1291 2835 feliciores
1311 2787 1411 2849 herbas,

225 2859 251 2902 et
268 2852 303 2901 itu
320 2852 372 2913 iet,
398 2857 426 2900 ut
448 2852 512 2901 inter
530 2853 677 2918 pascendum
696 2859 783 2918 sponte
800 2854 903 2903 trahant
919 2868 962 2901 eos
981 2853 1088 2916 colores,
1113 2853 1154 2918 qui
1173 2869 1267 2904 summo
1286 2855 1311 2903 in
1330 2856 1410 2921 pretio

223 2919 355 2969 habentur.
383 2919 479 2982 Mures,
498 2920 584 2983 lutum,
605 2922 712 2988 sandyx,
732 2935 799 2970 mera
812 2922 851 2970 hic
863 2929 921 2971 sunt
932 2922 1041 2971 colorum
1058 2923 1162 2985 nomina,
1182 2939 1227 2972 non
1245 2923 1413 2991 herbanum}
1466 2940 1467 2947 ¹

225 2983 267 3037 46.
286 2989 389 3038 adverte
407 2987 592 3055 brachylogianr
609 2996 697 3056 poetae
709 2993 809 3039 currite
821 3006 874 3039 curu
887 2991 1030 3040 accusativo
1043 2991 1176 3054 iungentis3
1196 2993 1299 3042 currite
1311 2992 1410 3053 saecla,

223 3055 242 3105 i.
256 3072 277 3106 e.
297 3063 423 3106 currentes
441 3056 535 3107 volvite
552 3052 586 3119 sl
617 3055 659 3108 47.
678 3057 817 3108 Concordes
835 3065 935 3124 propter
954 3059 1067 3108 stabilem
1087 3065 1229 3124 certamque
1245 3058 1304 3108 Fati
1321 3061 1412 3111 volun-

224 3128 326 3192 tatem}
357 3122 398 3175 48.
418 3140 442 3173 v.
460 3140 497 3174 vs.
517 3122 572 3194 itq
606 3123 648 3176 49.
666 3126 797 3188 deame,
820 3128 852 3176 ci.
871 3142 908 3178 vs.
928 3124 951 3176 7.
971 3155 1005 3162 —
1028 3144 1063 3178 cn.
1082 3127 1100 3178 I.
1120 3130 1199 3190 incr,
1222 3126 1312 3185 θεῶν,
1340 3122 1411 3183 Διὸς
1466 3132 1467 3137 ’

207 3193 361 3260 deiparae,
387 3193 427 3258 qui
452 3194 568 3243 divinitus
593 3195 712 3258 dignitate
736 3202 762 3244 ct
785 3196 877 3245 honore
911 3203 994 3245 caeter
1012 3203 1108 3246 ceteros
1126 3203 1249 3247 mactatus
1268 3202 1321 3257 est3
1347 3199 1412 3246 unde

223 3257 386 3329 διοτρεφεῖς
404 3259 533 3324 βασιλῆες
558 3264 622 3328 apud
642 3263 799 3332 Homerum}
829 3212 940 3313 50-22.
958 3264 1063 3319 Videtur
1080 3265 1127 3314 sibi
1144 3271 1217 3331 poeta
1233 3263 1320 3313 videre
1342 3281 1412 3315 mnn-

225 3330 293 3393 dum,
312 3345 455 3379 convectam
473 3346 488 3379 a
507 3331 568 3380 caeli
586 3332 666 3381 omnia
684 3331 866 3396 complectentis
884 3333 964 3397 specie
981 3334 1080 3396 dictum,
1098 3341 1225 3399 tamquam
1243 3333 1349 3382 numinis
1367 3335 1412 3384 ad-

87 3449 91 3459 ,
161 3453 163 3457 ,
223 3405 302 3448 ventu
320 3404 346 3447 et
363 3399 505 3463 apparentia
524 3397 566 3464 (ut
583 3401 629 3449 hoc
646 3406 705 3449 utar
722 3399 871 3466 vocabulo),
901 3403 995 3452 moveri
1012 3417 1042 3450 ac
1060 3408 1158 3465 nutare,
1178 3403 1242 3466 quod
1261 3401 1355 3451 laetum
1374 3408 1413 3452 est

224 3481 257 3515 ac
276 3465 384 3516 faustum
402 3467 505 3529 signum.
529 3495 562 3503 —
591 3465 750 3532 Terraeque,
772 3475 801 3517 ut
818 3466 848 3517 G.
869 3465 891 3531 1,
911 3467 969 3519 153.
989 3466 1045 3520 164.
1064 3466 1123 3520 352.
1147 3471 1178 3520 A.
1197 3469 1221 3531 3,
1240 3467 1281 3518 91.
1306 3466 1332 3533 4,
1353 3470 1413 3522 146.

227 3531 251 3597 9,
268 3530 325 3586 761.
342 3541 387 3585 cet.
400 3561 434 3574 —-
451 3534 501 3585 Alii
519 3535 662 3593 lactentum
681 3535 816 3585 indicativo
833 3552 874 3586 res
893 3537 1045 3599 significatur
1062 3538 1114 3604 ipso
1133 3539 1251 3604 adspectu
1269 3538 1413 3598 testificata,

225 3608 256 3652 ut
277 3601 306 3651 Ε.
325 3598 349 3665 5,
364 3600 386 3654 7.
405 3606 435 3652 Α.
452 3599 476 3667 8,
495 3600 566 3672 1921
594 3600 636 3653 54.
655 3602 780 3670 Spiritus,
798 3604 886 3668 ingenii
903 3605 942 3654 vis
959 3607 1078 3671 vigorque
1096 3607 1214 3672 poeticus.
1256 3602 1297 3655 57.
1317 3605 1415 3673 Orphei

227 3669 333 3720 Dativus
347 3670 450 3740 Graec!
476 3667 518 3722 58.
537 3673 669 3722 Arcadia:
689 3679 727 3721 est
745 3674 805 3721 enim
824 3675 877 3739 ipsc
895 3675 1102 3735 dcusArcadiae3
1120 3675 1149 3724 11.
1163 3672 1204 3733 10,
1252 3672 1271 3738 ,Ι
1297 3671 1411 3725 tto-62.

225 3736 306 3802 Quasi
324 3740 371 3789 iarn
391 3747 473 3789 natum
492 3740 627 3804 alioquitur
641 3755 740 3806 puerum
754 3749 828 3806 poeta
839 3757 924 3791 morae
936 3743 1098 3809 desideriique
1110 3743 1246 3808 impatiens.
1273 3741 1309 3793 Et
1320 3745 1412 3810 duplici

225 3822 304 3857 causa
322 3815 425 3858 matrem
444 3825 474 3858 ex
494 3809 545 3858 risu
564 3809 616 3858 dus
635 3825 650 3858 u
667 3824 743 3875 puero
766 3811 880 3872 cognosci
898 3811 966 3873 vult,
990 3827 1051 3873 una,
1076 3812 1141 3876 quod
1165 3813 1240 3862 matri
1263 3813 1412 3876 praegnanti
1466 3858 1467 3867 ,

227 3875 302 3938 ionga
316 3874 416 3926 fastidia
429 3877 587 3943 perpetienda
600 3876 705 3940 fuerunt,
720 3877 808 3940 altera,
827 3874 969 3943 quod'risus
982 3880 1068 3929 matris
1082 3895 1169 3943 magno
1182 3880 1230 3930 crit
1241 3881 1272 3929 ad
1285 3879 1412 3931 iomanem
1466 3870 1467 3929 Ϊ

226 3943 297 4010 pueri
316 3951 445 4007 momento,
464 3960 519 3995 narn
538 3948 652 3996 coinon
670 3948 793 4011 riser-ep.
813 3953 860 3996 etc.
890 3946 1003 3998 Ceterum
1023 3955 1125 3998 matrem
1144 3948 1196 3999 risu
1214 3950 1267 3999 eius
1283 3949 1412 4012 cognoscit

226 4027 290 4079 puer
302 4013 345 4076 ita,
364 4020 392 4062 ut
404 4015 467 4064 hunc
479 4015 556 4064 risum
569 4022 655 4064 mutua
667 4014 788 4063 arrisione
799 4015 915 4080 excipiat,
933 4031 980 4081 qno
993 4017 1085 4067 nulium
1097 4016 1211 4066 taborum
1224 4032 1325 4067 suorum
1339 4033 1412 4083 prae·

230 4081 302 4131 urium
321 4082 396 4131 matri
413 4081 549 4132 iucundius.
567 4110 600 4119 -
618 4081 705 4132 decem
723 4097 818 4131 menses
836 4089 931 4148 tempus
950 4085 1099 4148 significant,
1118 4099 1165 4149 quo
1184 4092 1271 4135 exacto
1288 4086 1412 4148 gravidae

230 4165 318 4216 parere
331 4145 431 4213 soient!
458 4146 498 4201 63.
518 4149 635 4215 Spectant
653 4152 713 4200 haec
725 4166 762 4212 eo,
781 4152 846 4214 quod
864 4152 903 4201 iric
915 4168 976 4218 puer
988 4154 1119 4218 aliquando
1134 4154 1198 4203 inter
1210 4155 1300 4203 heroas
1313 4160 1339 4204 et
1352 4155 1412 4204 deos

226 4219 310 4268 iocum
328 4219 457 4268 habiturus
476 4225 524 4277 est;
547 4217 578 4268 ci.
597 4233 635 4268 vs.
656 4214 688 4267 15
707 4233 744 4284 sq.

721 4322 924 4332 οισι-...-

172 4593 174 4599 ,
552 4651 700 4791 ’.ᾖ
1060 4742 1066 4748 .

213 4701 465 4964 Α
569 4872 663 4964 Α
871 4847 976 4964 ..ὲ
