2942 4975
491 343 709 423 γ15111101
732 346 812 410 ure.
834 329 889 411 nr.
1218 350 1282 415 aaa

186 528 376 593 Privernum
396 530 509 613 Capys.
551 530 645 595 Hunc
667 531 770 613 primo
792 532 872 597 levis
894 534 986 599 hasta
1009 536 1185 602 Themillae

187 614 381 679 strinxerat:
403 616 459 679 ille
481 634 610 680 manum
631 617 775 697 proiecto
798 620 938 699 tegmine
961 621 1092 686 demens

187 700 239 763 Ad
260 700 373 763 volnus
396 700 486 779 tuht3
509 719 585 782 ergo
608 700 667 765 ahs
690 702 821 783 adlapsa
841 704 960 784 sagitta

185 784 230 849 Et
251 785 342 849 laevo
365 784 463 849 infixa
485 789 535 851 est
557 785 651 851 lateri
673 804 798 865 uranus,
821 788 992 871 abditaque
1014 790 1101 855 intus

89 866 165 933 580
188 868 391 950 Spiramenta
415 869 539 935 animae
561 871 651 935 letali
673 874 805 937 volnere
828 874 923 955 rupit.

187 954 357 1018 Stabatio
380 955 517 1037 egregiis
540 956 689 1020 Arcentis
711 956 796 1021 filius
817 958 922 1037 armis,

186 1038 297 1103 Pictns
319 1058 379 1105 acu
402 1041 599 1121 chlamydem
622 1045 655 1105 et
676 1039 840 1123 ferrugine
863 1044 967 1107 clarus
989 1044 1117 1124 Hibera,

187 1124 325 1205 Insignis
347 1124 442 1204 faeie,
466 1126 593 1207 genitor
614 1144 709 1207 quem
731 1127 864 1192 miserat
885 1130 1016 1208 Arcens,

186 1209 347 1273 Eductam
369 1211 480 1275 matris
502 1212 575 1275 luco
598 1210 781 1291 Symaethia
803 1213 922 1277 circum

89 1292 164 1356 585
186 1294 345 1374 Flumina,
368 1295 494 1377 pinguis
516 1296 571 1359 ubi
594 1300 627 1359 et
648 1296 813 1377 placahihs
835 1317 892 1361 ara
911 1299 1024 1363 Palici:

188 1378 385 1444 Stridentem
407 1378 538 1445 fundam
560 1380 672 1462 positis
695 1382 874 1446 Mezentius
896 1383 997 1447 hastis

187 1464 260 1545 Ipse
283 1469 334 1528 ter
356 1465 495 1529 adducta
517 1466 635 1530 circum
658 1472 755 1547 caput
777 1468 844 1549 egit
864 1468 998 1547 habena,

186 1548 230 1611 Et
251 1550 358 1614 media
379 1550 504 1615 adversi
526 1550 698 1631 liquefacto
722 1556 869 1634 tempora
889 1554 1018 1634 plumbo

186 1631 312 1698 Diffidit
335 1654 372 1699 ac
394 1636 495 1699 multa
516 1641 699 1717 porrectum
724 1638 868 1701 extendit
890 1656 995 1703 arena.

92 1716 165 1781 590
273 1720 353 1783 Tum
376 1720 512 1802 primum
534 1721 619 1785 bello
643 1721 782 1786 celerem
803 1722 979 1787 intendisse
1001 1723 1152 1805 sagittam

186 1802 326 1883 Dicitur,
349 1811 425 1869 ante
447 1803 532 1869 ieras
555 1806 668 1871 solitus
692 1810 815 1871 terrere
837 1807 967 1889 fugacia,

185 1890 353 1969 Ascanius
375 1889 555 1970 fortemque
577 1910 673 1955 manu
694 1891 815 1956 fudisse
836 1893 1030 1973 Numanum3

189 1973 247 2037 Oui
268 1975 402 2039 Remulo
426 1994 603 2057 cognomen
626 1982 708 2055 erat,
736 1978 900 2060 Turnique
921 1979 1077 2043 minorem

188 2059 382 2124 Germanam
405 2078 507 2141 nuper
529 2061 669 2125 thalamo
692 2062 831 2126 sociatus
853 2064 1000 2128 habebat.

94 2143 164 2207 595
186 2144 218 2209 Is
239 2145 375 2226 primam
398 2149 473 2209 ante
496 2146 596 2209 aciem
620 2146 716 2227 digna
739 2151 835 2227 atque
857 2147 988 2228 indigna
1009 2149 1115 2213 relatu

186 2229 373 2295 Vociferans
395 2231 600 2312 tumidusque
622 2249 704 2295 noro
726 2231 913 2312 praecordia
934 2251 1034 2314 regno

185 2314 258 2379 Ibat
280 2318 314 2378 et
334 2315 498 2396 ingentem
522 2334 593 2380 sese
617 2316 755 2381 clamore
777 2315 916 2381 ferebat:

185 2399 257 2463 Non
279 2400 381 2481 pudet
402 2400 567 2465 obsidione
589 2401 707 2465 iterum
729 2402 878 2483 valloque
899 2402 1013 2480 teneri,

186 2484 241 2550 Bis
265 2485 349 2567 capti
371 2487 526 2568 PhrygeS,
551 2491 585 2551 et
605 2487 702 2551 morti
724 2488 936 2569 praetendere
958 2489 1085 2552 muros?

98 2665 130 2713 ad
150 2663 389 2734 populumlaeere.1
424 2662 483 2716 578.
508 2665 571 2729 ulis,
595 2681 620 2715 v.
639 2663 680 2728 12,
703 2662 778 2735 3191
811 2663 870 2716 579.
894 2666 943 2716 alii
967 2666 1068 2731 adfixa.
1093 2666 1143 2716 Cic.
1162 2665 1237 2716 Tusa.
1255 2664 1281 2730 5,

96 2729 134 2783 24
151 2733 252 2795 „sidera
271 2734 345 2783 certis
367 2733 487 2797 aesica
511 2735 652 2804 sedibus.“{
685 2731 744 2786 589.
768 2750 793 2784 ν.
811 2731 837 2796 6,
854 2731 927 2790 7341
964 2731 1023 2784 581.
1047 2736 1143 2789 Nomen
1168 2737 1282 2797 Arcera,

98 2801 164 2866 qnod
183 2817 230 2850 non
250 2809 288 2851 est
306 2799 497 2864 Graecanicum,
520 2803 619 2853 videtur
635 2803 745 2852 indicare
764 2803 881 2852 hominem
899 2819 932 2853 ex
950 2803 1093 2853 Sicanorum
1110 2811 1196 2866 gente,
1218 2819 1281 2867 quae

98 2884 132 2919 ex
151 2869 270 2935 llispania
287 2870 310 2918 in
324 2869 432 2919 Siciliam
450 2878 566 2929 venerat;
587 2871 660 2920 hliuni
674 2872 786 2921 Arcentis
804 2872 945 2937 putabimus
963 2886 990 2920 se
1008 2872 1151 2938 adiunxisse
1169 2872 1281 2921 comitem

96 2939 197 2988 Aeneae
215 2953 230 2986 a
247 2938 335 2988 Sicilia
351 2937 478 3006 solventi!
513 2935 571 2988 582.
589 2939 618 2988 P.
631 2957 655 2990 a.
670 2937 913 3003 ο51,,ν.11,3,106.
928 2940 1042 3003 -ferm
1055 2939 1084 2989 ed
1099 2940 1138 3001 H,
1151 2940 1281 3005 splendens

98 3021 209 3070 purpura
221 3005 338 3072 Hispana,
356 3020 419 3070 quae
437 3013 493 3056 erat
510 3005 787 3076 nigricantis-colonie}
821 3005 880 3058 584.
896 3012 1002 3070 enutris,
1020 3009 1073 3058 sine
1091 3007 1165 3056 dubio
1177 3008 1280 3074 Symae·
1341 3005 1351 3013 ”

97 3073 174 3123 thidis
198 3075 332 3141 nymphae,
356 3075 425 3125 culus
449 3076 593 3140 mentionem
615 3075 676 3124 facit
699 3076 772 3126 Ovid.
798 3075 856 3126 Met.
881 3072 926 3138 13,
945 3073 1003 3126 750.
1026 3103 1060 3114 ·-
1081 3075 1280 3141 Symaethus

97 3141 190 3191 fluvius
210 3143 232 3192 in
252 3143 364 3194 orientali
390 3143 598 3209 parteSieiliae.1
635 3134 693 3194 585.
718 3144 804 3193 Palici
823 3145 900 3209 possit
923 3160 969 3209 pro
991 3144 1149 3194 Nominativo
1173 3143 1281 3193 Plurnlis

97 3210 194 3272 haberi,
211 3217 239 3260 nt
256 3211 384 3276 Appositio
402 3211 523 3260 efficiatur
541 3211 626 3261 similis
645 3213 680 3274 ei,
699 3227 763 3276 quae
781 3218 819 3261 est
836 3212 889 3261 Ecl.
909 3209 932 3276 7,
951 3207 984 3262 16
1006 3212 1056 3274 „lit
1073 3218 1199 3261 certarnen
1217 3218 1281 3274 erat,

98 3277 245 3345 Corydon
273 3295 334 3328 curn
359 3279 530 3347 Thyrside,
558 3282 704 3342 rnugnurn;“
728 3281 772 3329 sed
791 3278 937 3329 Genetlvum
963 3295 1019 3330 csse
1040 3279 1194 3342 Singularis,
1222 3294 1282 3328 sene

98 3359 160 3395 raro
179 3349 300 3412 usurpati,
319 3349 451 3413 persuadet
469 3347 541 3398 Ouid.
557 3347 602 3412 Ep.
622 3363 651 3397 ex
666 3348 692 3397 P.
705 3344 731 3409 2,
745 3346 786 3407 10,
797 3346 831 3398 25
849 3347 978 3410 „Vidimus
1052 3347 1181 3397 Hennaeas
1200 3347 1281 3397 saltus

97 3420 124 3462 et
148 3414 238 3464 olentia
261 3421 348 3478 stagna
367 3415 498 3466 rariora
533 3414 650 3479 Palici,
669 3416 758 3478 gemini
778 3415 884 3477 l'ratres,
913 3415 1032 3474 suntdal
1054 3415 1143 3476 Siculi,
1169 3412 1235 3462 lovis
1254 3421 1280 3464 et

99 3483 202 3532 Thaliae
219 3483 261 3532 rel
278 3485 372 3534 Aetnae
390 3484 445 3544 515,
469 3485 557 3548 quibus
581 3483 636 3533 ohrn
661 3485 769 3533 homines
792 3485 997 3545 immolabantur,
1022 3483 1108 3531 deinde
1131 3481 1232 3531 sublata
1251 3498 1280 3532 ra

98 3551 205 3600 saevitia
224 3552 361 3602 mitioribus
380 3552 507 3601 sacrificiis
526 3553 619 3617 placari
638 3553 716 3617 coepti
735 3559 806 3613 sunt3
825 3567 850 3600 v.
868 3549 893 3614 7,
911 3548 983 3615 7641
1018 3548 1078 3602 586.
1095 3551 1194 3612 baetis,
1212 3566 1236 3599 v.
1257 3549 1280 3612 1,

97 3615 172 3682 3131
208 3617 267 3670 587.
285 3620 355 3684 Ipse,
380 3637 404 3670 v.
423 3618 448 3682 2,
466 3615 524 3670 394.
543 3620 654 3669 nimirum
673 3621 810 3669 abhorrere
827 3620 906 3670 rideri
929 3625 1029 3684 poterat
1046 3617 1122 3668 lunda
1141 3633 1156 3666 a
1175 3633 1281 3683 persona

96 3687 149 3736 riri
166 3687 290 3754 principis.
308 3715 342 3726 --
360 3688 484 3750 adducto,
502 3687 641 3755 contenta!
675 3684 733 3738 588.
752 3687 807 3737 Etsi
825 3689 985 3737 adversas
1004 3687 1086 3748 stetit,
1103 3694 1183 3736 temen
1202 3688 1283 3752 potuit

97 3756 167 3819 lieri,
191 3763 220 3806 ut
243 3757 343 3822 paulurn
362 3771 481 3806 converso
503 3757 584 3822 capite
601 3762 712 3820 tempora
730 3762 932 3821 percuterentur,
950 3756 982 3804 cl.
1000 3770 1037 3804 vs.
1055 3751 1114 3804 633.
1133 3782 1166 3790 —
1184 3754 1282 3820 liques,

98 3823 222 3888 putabant
245 3831 342 3876 veteres
365 3825 478 3889 glandem
501 3824 640 3890 plumbeam
664 3839 753 3887 inagna
775 3824 802 3872 vi
825 3823 941 3873 emissam
958 3823 1012 3888 ipso
1033 3830 1102 3871 mota
1127 3823 1234 3872 ealelieri
1257 3830 1283 3873 et

97 3889 257 3956 liquescere!
298 3891 357 3944 589.
381 3907 465 3944 arena
490 3894 514 3943 in
536 3894 625 3942 rnurol
647 3900 706 3956 puta
728 3892 849 3940 hominem
872 3892 948 3942 ictum
975 3892 1005 3942 de
1028 3907 1099 3940 muro
1125 3889 1282 3959 cecidissess

94 3955 245 4010 beo-663.
263 3963 400 4012 Ascerrier
419 3965 477 4012 tum
492 3963 608 4028 prienam
627 3963 762 4024 attingens
785 3959 879 4010 bellam
902 3976 958 4010 rem
974 3963 1049 4025 gerit
1061 3974 1198 4076 prorgem
1221 3959 1282 4010 Iau—

95 4030 179 4079 uaros
190 4034 328 4095 propterea
340 4031 373 4079 ab
382 4029 507 4096 Apolline,
520 4029 566 4080 red
578 4031 610 4078 ab
622 4028 709 4078 eodem
721 4044 739 4077 e
751 4031 896 4078 certamine
906 4031 1065 4087 reuocatus!
1100 4026 1117 4078 5
1134 4024 1159 4077 3.
1173 4027 1281 4078 Causam

96 4098 154 4146 eius
172 4098 322 4159 cognominis
339 4099 490 4161 ignoramus,
508 4104 591 4148 tacent
608 4103 708 4147 veteres
726 4098 881 4162 interpretes.
893 4125 926 4133 —
941 4096 992 4147 Car·
1009 4096 1281 4156 autocratore,

98 4177 124 4214 r.
136 4163 166 4214 G.
178 4162 202 4227 3,
212 4163 271 4218 283.
284 4169 469 4216 -τηὼονσηιτ
487 4167 566 4216 maior
586 4173 645 4216 natu
664 4171 720 4215 erat
736 4160 864 4215 intumet
899 4162 958 4216 595.
977 4165 1062 4230 digere
1079 4179 1118 4213 vs.
1137 4159 1282 4224 603-613,
1352 4168 1362 4181 ‘

98 4233 211 4298 indam
228 4249 268 4283 vs.
287 4231 431 4285 598-602.
451 4231 502 4286 614
519 4249 585 4298 sqq,
605 4234 700 4283 omnino
718 4233 835 4298 quidquid
853 4235 877 4282 ei
894 4234 918 4283 in
937 4233 1038 4282 buccam
1056 4232 1177 4293 veniebat,
1195 4244 1220 4278 v.
1241 4227 1281 4293 12,

98 4298 173 4366 8111
209 4299 268 4353 596.
288 4317 384 4368 reg-uo,
409 4303 564 4352 matrimonio
587 4317 642 4351 cum
667 4303 752 4366 regiae
768 4301 853 4366 stirpis
872 4300 961 4351 femina
978 4297 1061 4366 inita}
1095 4295 1154 4351 597.
1172 4300 1281 4362 agent,

98 4370 130 4420 cl.
151 4367 192 4433 12,
210 4366 269 4421 441.
286 4397 321 4418 .-
339 4370 459 4433 clamore,
477 4385 503 4420 v.
520 4368 546 4433 2,
558 4367 617 4421 323.
635 4397 668 4406 -—
687 4387 709 4419 s.
721 4370 789 4435 sere,
807 4383 833 4419 v.
845 4366 870 4432 5,
879 4366 953 4440 3731
987 4364 1046 4418 599.
1064 4367 1111 4416 se
1130 4382 1159 4428 a,
1176 4365 1282 4431 primunr
