2942 4975
500 286 714 354 AENEIDOS
736 289 816 355 LIB.
838 290 892 355 Vl.

190 475 308 558 Aspice
330 475 529 555 Torquatum
551 479 585 540 et
605 474 800 541 referentem
822 476 914 559 signa
936 477 1111 545 Camillum.

188 561 269 625 lllae
291 563 413 639 autem,
439 558 570 640 paribus
592 578 672 641 quas
693 559 819 643 fulgere
843 561 946 627 cernis
968 563 1001 627 in
1025 565 1131 644 armis,
1167 596 1169 603 ·

188 646 371 713 Concordes
392 644 517 710 animae
538 662 624 711 nunc
645 649 680 710 et
701 646 777 711 dum
799 652 895 713 nocte
917 655 1115 730 premuntur,

187 732 262 796 Heu
283 734 439 813 quantum
459 729 546 794 inter
567 747 602 795 se
623 730 758 810 bellurn,
781 732 808 796 si
829 732 951 798 lumina
971 734 1057 799 vitae

99 815 166 881 830
187 815 377 897 Attigerint,
398 820 536 896 quantas
558 814 644 881 acies
665 820 871 898 stragemque
894 818 1036 885 ciebuntl

187 901 368 984 Aggeribus
389 917 482 965 socer
502 899 747 983 Alpinisatque
769 920 843 968 arce
865 903 1012 969 Monoeci

186 986 407 1064 Descendens,
429 1004 530 1067 gener
551 985 694 1051 adversis
714 986 893 1053 instructus
914 988 999 1053 Eois.

186 1072 250 1150 Ne,
271 1070 375 1153 pueri,
397 1088 440 1135 ne
462 1074 555 1135 tanta
575 1070 688 1135 animis
710 1072 892 1138 adsuescite
914 1073 1008 1153 bella,

186 1158 259 1222 Neu
279 1156 405 1239 patriae
425 1154 548 1221 ualidas
567 1155 602 1219 in
623 1156 749 1221 uiscera
769 1157 887 1223 vertite
909 1158 998 1238 viris;
1080 1168 1086 1175 '

99 1241 165 1307 835
187 1242 299 1323 Tuque
321 1241 421 1323 prior,
443 1245 480 1305 tu
500 1258 609 1322 parce,
632 1259 734 1323 genus
756 1242 811 1323 qui
833 1243 922 1309 ducis
945 1243 1089 1327 Olympo,

186 1327 310 1393 Proiice
333 1326 400 1391 tela
420 1344 530 1404 manu,
552 1327 682 1408 sangms
703 1328 805 1393 meusl
827 1364 870 1377 -

186 1412 246 1478 Ille
268 1411 465 1493 triumphata
486 1410 644 1492 Capitolia
665 1412 705 1477 ad
727 1411 794 1477 alta
816 1412 970 1479 Corintho

185 1498 297 1562 Victor
318 1501 394 1578 aget
416 1515 558 1574 currum,
581 1495 682 1561 caesis
703 1497 837 1579 insignis
858 1498 996 1565 Achivis.

185 1583 287 1647 Eruet
307 1582 364 1647 ille
385 1584 490 1663 Argos
513 1582 843 1663 Agamemnoniasque
864 1584 1025 1665 Mycenae,

97 1666 165 1731 840
185 1669 357 1750 Ipsumque
378 1667 554 1745 Aeaciden,
576 1684 678 1748 genus
700 1668 922 1749 armipotentis
944 1669 1069 1747 Achilli,
1166 1700 1169 1707 v

184 1754 281 1818 Ultus
301 1770 379 1817 auos
401 1751 528 1828 Troiae,
550 1753 672 1833 templa
693 1757 727 1817 et
749 1758 908 1821 temerata
930 1754 1103 1821 Minervae.

186 1838 262 1917 Quis
285 1842 331 1917 te,
352 1855 469 1919 magne
491 1837 585 1916 Cato,
607 1837 756 1916 tacitum,
779 1844 835 1904 aut
857 1844 903 1918 te,
926 1839 1036 1920 Cosso,
1058 1840 1246 1923 relinquat?

186 1924 263 2001 Quis
286 1919 423 1988 Gracchi
445 1939 558 2004 genus,
581 1927 638 1988 aut
659 1923 817 2007 geminos
841 1924 903 1989 duo
926 1924 1060 1991 fulmina
1081 1926 1167 2005 belli,

63 2053 70 2067 .
185 2008 362 2090 Scipiadae,
385 2007 509 2072 cladem
531 2008 665 2089 Libyae,
686 2026 849 2090 parvoque
871 2015 1038 2091 potentem

97 2093 162 2159 845
183 2094 378 2171 Fabricium,
400 2093 452 2157 vel
474 2096 507 2156 te
530 2092 633 2172 sulco,
656 2093 805 2171 Serrana,
828 2096 1012 2159 serentem?

77 2211 80 2216 ·
108 2247 115 2265 ,
185 2179 254 2257 Quo
276 2178 396 2245 semum
418 2177 544 2260 rapitis,
565 2177 678 2243 Fabii?
711 2183 748 2243 tu
770 2178 937 2245 Maxumus
956 2180 1014 2245 ille
1038 2198 1081 2259 es,

182 2265 274 2329 Unus
296 2264 351 2346 qui
372 2263 464 2327 nobis
487 2264 667 2329 cunctando
689 2264 835 2329 restituis
856 2283 934 2330 reru.

183 2349 352 2415 Excudent
374 2348 428 2414 alii
449 2349 605 2430 spirantia
625 2349 754 2414 mollius
776 2366 861 2428 aera,

184 2434 287 2500 Credo
310 2435 470 2517 equidem,
492 2434 581 2500 vivos
603 2434 723 2501 ducent
745 2435 785 2500 de
807 2453 966 2502 rummare
988 2435 1103 2515 voltus,

94 2623 172 2658 causa
196 2608 295 2667 laudan
318 2623 349 2656 err
373 2607 409 2656 hia
428 2606 459 2656 M.
484 2606 571 2657 Livius
595 2605 722 2656 Salinator
744 2621 817 2658 caeso
840 2609 871 2657 nd
894 2607 982 2657 Senum
1004 2606 1162 2658 Hasdrubale
1184 2608 1283 2670 clarus,

95 2676 152 2726 Liv.
170 2674 213 2737 27,
231 2672 288 2742 481
322 2672 381 2726 826.
404 2673 540 2740 Torquet,
558 2674 589 2724 cf.
602 2675 656 2725 Liv.
668 2672 694 2738 8,
707 2674 731 2727 7.
743 2702 777 2712 -
790 2678 892 2742 rigna
910 2675 1084 2739 homanorum,
1103 2691 1166 2742 quae
1184 2677 1277 2726 amissa

94 2746 117 2795 in
138 2760 218 2810 pugna
237 2745 340 2794 Alliensi
358 2743 476 2794 euodius
494 2743 567 2792 victis
586 2741 665 2793 Gallia
684 2744 783 2810 recepit,
802 2743 857 2795 Liv.
876 2740 901 2808 5,
919 2741 976 2811 49.Ι
1009 2741 1068 2796 827.
1103 2746 1208 2794 aribus:
1232 2745 1277 2794 im-

94 2813 165 2879 paria
184 2819 255 2862 crant
272 2814 396 2877 utrimque
414 2826 484 2861 arma
502 2811 525 2860 in
545 2811 616 2860 bellis
633 2827 680 2860 non
697 2813 819 2862 civilibus.
837 2841 872 2850 -
882 2811 1010 2878 fulgine,
1028 2829 1053 2862 v.
1098 2851 1103 2861 .
1123 2811 1145 2873 1,
1164 2810 1224 2864 456.
1242 2840 1280 2849 -

94 2880 269 2944 significantur
287 2887 368 2930 autern
387 2879 481 2930 Cacsar
499 2883 593 2940 (socer)
611 2885 637 2930 et
648 2878 778 2946 Pompeius
797 2878 916 2946 (general
947 2877 1005 2932 828.
1021 2885 1101 2946 nancte,
1114 2895 1138 2930 v.
1151 2897 1189 2931 vs.
1202 2877 1277 2948 8881

94 2947 155 3000 829.
173 2952 206 3010 ri,
224 2964 248 2999 r,
262 2948 287 3009 5,
296 2945 354 3007 641
388 2945 447 2998 831.
466 2951 577 3012 Agger,
595 2950 659 3012 quod
673 2949 748 3014 Alpes
766 2955 824 3000 sunt
842 2956 967 3016 tamquam
985 2950 1169 3015 propugnacula
1182 2949 1281 3001 ltaliae..

94 3046 129 3055 -
141 3033 207 3067 arc
225 3017 369 3068 Monoeci
384 3015 575 3084 promontorium
587 3015 705 3079 Liguriae
722 3033 777 3068 curu
796 3019 889 3083 templo'
903 3025 930 3069 et
956 3025 1014 3068 ortu
1027 3017 1139 3068 llerculis
1152 3017 1276 3080 Monoeci3

93 3087 115 3136 is
134 3092 222 3152 portus
239 3085 311 3135 hodie
329 3087 438 3136 Monnro
455 3089 568 3134 vocatur.
586 3112 619 3121 -
638 3084 753 3135 Ceterum
771 3100 796 3135 v.
816 3084 839 3148 1,
858 3081 896 3150 2.Ι
964 3083 989 3136 2.
1012 3085 1079 3144 Eois,
1098 3087 1234 3150 legionibus
1252 3094 1277 3135 et

94 3154 198 3204 auxiliis
214 3170 246 3204 err
265 3154 366 3204 Oriente
382 3149 538 3210 commotis!
573 3148 633 3202 833.
651 3151 698 3215 ll'e,
712 3169 747 3218 p,
764 3153 795 3204 cl.
815 3153 884 3204 llam.
903 3152 931 3204 ll.
950 3153 974 3216 7,
991 3149 1051 3204 832.
1063 3181 1097 3190 -
1114 3153 1170 3204 Liv.
1187 3152 1230 3218 21,
1242 3151 1282 3204 33

94 3223 179 3286 „invia
198 3238 228 3272 uc
246 3222 318 3272 devia
337 3215 473 3282 adsueti.“!
508 3218 561 3272 835
576 3235 614 3284 aq.
632 3217 844 3289 ci.1,286sqq.l
877 3219 938 3274 836.
955 3237 981 3272 v.
1000 3220 1024 3285 1,
1035 3219 1111 3288 6641
1145 3219 1205 3273 837.
1223 3223 1281 3283 Ille,

94 3291 124 3342 L.
143 3287 298 3354 Mummius}
331 3287 391 3341 839.
409 3289 460 3352 rib,
478 3289 507 3339 L.
525 3288 643 3340 Aemilius
660 3287 754 3340 Paulus
770 3291 851 3340 victor
869 3290 962 3354 Persei,
980 3291 1011 3340 uh
1029 3290 1123 3340 Achille
1142 3289 1277 3355 (Aeacida)

93 3375 173 3423 genus
195 3375 267 3409 snum
291 3360 438 3424 repetentis,
464 3372 615 3421 arenamque
638 3359 709 3419 regni
732 3355 891 3408 Macedonici.
933 3358 980 3410 Per
1004 3360 1085 3421 Argos
1108 3373 1137 3407 ac
1158 3357 1277 3426 Mycenas

94 3430 173 3477 omnis
191 3426 298 3478 Graecia
315 3427 475 3490 significatur.
510 3425 558 3475 Sed
577 3423 679 3476 effusius
698 3433 771 3491 poeta
790 3427 857 3477 l'avct
875 3425 965 3487 Paulo,
987 3427 1057 3476 cuius
1082 3427 1178 3490 quidem
1201 3441 1279 3491 opera

93 3497 218 3546 etiamad
238 3512 278 3546 rea
297 3494 451 3546 Graecorum
474 3494 556 3558 aliquo
579 3494 651 3542 modo
673 3495 823 3559 pertinebat,
847 3494 903 3546 Liv.
921 3492 963 3555 45,
980 3490 1023 3557 31,
1041 3493 1085 3543 sed
1103 3494 1199 3544 urinirne
1218 3495 1276 3558 talis

93 3563 151 3627 init,
170 3564 250 3628 qu'alis
269 3579 284 3614 a
301 3563 405 3628 Virgilio
423 3563 590 3629 praedicatur.
626 3561 749 3612 Videntur
768 3564 828 3612 bace
846 3562 888 3627 (nt
906 3561 970 3627 alia)
990 3577 1005 3611 u
1023 3569 1095 3627 poeta
1113 3562 1177 3612 inter
1195 3577 1280 3612 emen·

94 3633 177 3682 danda
195 3633 282 3682 relicta
299 3631 378 3700 csse]
413 3628 472 3681 841.
491 3635 542 3680 tem
559 3630 575 3679 l.
594 3634 653 3679 tem.
672 3631 718 3692 M,
742 3645 767 3680 v.
786 3630 809 3693 l,
829 3625 885 3695 41.Ι
919 3628 978 3680 842.
998 3629 1059 3680 Cato
1077 3630 1118 3680 ille
1136 3631 1277 3682 Censorius.

93 3729 127 3738 -
147 3700 238 3764 Conse,
256 3717 280 3750 v.
298 3699 354 3751 Liv.
372 3699 397 3762 4,
417 3699 450 3751 19
468 3716 505 3764 sq.
550 3705 643 3763 repert.
665 3698 691 3760 4,
710 3695 752 3760 10,
769 3695 804 3748 23
822 3715 874 3764 sqq.
893 3727 928 3736 -
947 3697 1058 3750 &accdi
1071 3715 1172 3764 gerarte,
1196 3701 1276 3766 respi-

92 3771 159 3820 citur
177 3771 284 3819 maxime
302 3769 337 3819 T'r
350 3768 508 3835 Sempronius
522 3765 651 3816 Gracchus
673 3766 736 3815 hollo
749 3765 840 3816 Punico
859 3768 965 3817 secundo
983 3767 1088 3835 claruet
1123 3764 1182 3818 844.
1201 3767 1281 3835 Scip,

92 3844 156 3904 puta
174 3839 310 3903 Scipionem
327 3836 468 3888 Africanum
487 3843 512 3886 et
530 3836 646 3884 maiorem
663 3841 689 3882 et
706 3836 832 3884 minorem.
849 3861 884 3872 -
898 3851 924 3902 p.
940 3839 1083 3900 potentem,
1107 3837 1130 3886 in
1150 3852 1230 3902 parva
1248 3852 1278 3886 re

92 3906 229 3956 domestica
247 3907 400 3967 divitarem
417 3905 500 3956 Plaut
517 3903 591 3969 lipid.
610 3904 633 3965 l,
652 3900 677 3964 2,
694 3900 729 3954 50
747 3903 810 3966 „Est
827 3902 951 3954 Euboicus
968 3905 1038 3954 miles
1056 3903 1180 3971 locuples,
1197 3907 1275 3956 multo

92 3989 156 4024 auro
172 3969 328 4044 poterasf‘l
364 3971 424 4026 845.
442 3974 636 4024 Fabricium
653 3972 729 4036 illum,
752 3972 793 4036 qui
811 3972 909 4035 legatus
927 3973 959 4022 ad
977 3973 1101 4040 Pyrrhum
1120 3975 1210 4024 missus
1228 3980 1278 4023 est.

91 4071 127 4081 -
146 4042 174 4093 C,
191 4042 304 4093 Attilium
323 4042 507 4094 Serranam
524 4046 550 4099 (a
569 4041 688 4103 serendo,
707 4036 866 4101 attendunt,
884 4040 1000 4104 dictum),
1024 4042 1136 4106 quicum
1155 4057 1170 4092 a
1188 4047 1278 4091 senatu

90 4111 162 4161 misai
179 4111 211 4160 ad
230 4111 358 4177 imperium
378 4112 461 4178 populi
478 4110 581 4160 Ronruni
603 4109 783 4174 suscipiendum
805 4109 979 4173 arcessebant,
1003 4110 1096 4160 semina
1120 4117 1276 4176 spargentem

91 4176 261 4239 invenerunt!
296 4178 356 4231 847.
374 4179 472 4230 Nobihs
489 4194 578 4228 versus
591 4175 669 4227 Ennii.
696 4177 747 4227 Cic.
768 4177 816 4228 Off.
827 4178 850 4238 1,
859 4175 901 4228 24.
920 4177 975 4228 mv.
992 4176 1034 4241 30,
1052 4175 1109 4232 26.Ι
1143 4174 1202 4228 848.
1220 4177 1276 4237 alit,

92 4248 151 4312 quit
169 4273 205 4286 -
222 4251 294 4314 spir,
311 4264 336 4298 v.
356 4246 386 4298 G.
404 4247 429 4309 3,
445 4244 488 4296 34.
508 4273 538 4283 -
557 4244 649 4295 rualli
654 4262 671 4296 a
693 4247 763 4308 signu
788 4247 901 4298 dicuutur
925 4248 960 4298 ita
984 4247 1117 4296 artificiose
1140 4247 1172 4296 ud
1190 4245 1275 4294 simili-

91 4315 201 4366 tudinem
219 4331 337 4366 verorum
355 4331 484 4381 corporum
503 4315 582 4374 iacta,
599 4322 628 4365 ut
646 4314 743 4377 mollia,
766 4330 786 4364 s.
805 4316 836 4364 ad
854 4320 948 4364 tactum
966 4314 1090 4377 cedentia,
1114 4320 1140 4363 et
1157 4312 1277 4362 llexibilia

1089 4597 1108 4629 D
