2942 4975
221 327 285 396 180
594 327 628 392 Ρ.
650 325 816 393 VIRGILI
836 325 1027 393 MARONIS

391 513 489 580 Sacra
509 513 672 580 Dionaeae
694 514 789 579 matri
812 512 956 596 divisque
978 513 1121 581 ferebam

243 599 286 664 20
307 599 496 684 Auspicibus
519 605 703 681 coeptorum
727 617 874 682 operum,
895 615 1075 684 superoque
1097 600 1259 669 nitentem

309 684 501 751 Caelicolum
524 684 591 766 regi
614 685 793 749 mactabam
814 684 847 749 in
869 685 965 750 litore
987 689 1122 752 tamum.

307 770 405 835 Forte
427 769 488 835 fuit
509 769 598 834 iuxta
619 769 775 849 tumulus,
798 789 860 852 quo
886 787 1004 836 cornea
1025 789 1147 838 summo

307 854 456 938 Virgulta
479 859 511 920 et
534 854 640 919 densis
663 853 831 920 hastilibus
853 855 983 920 horrida
1003 861 1135 939 myrtus.

307 941 449 1020 Accessi,
471 939 668 1021 viridemque
691 939 731 1005 ab
753 940 849 1006 humo
873 941 1054 1013 convellere
1076 941 1190 1007 silvam

244 1023 286 1092 25
309 1026 462 1105 conatus,
484 1024 580 1089 remis
603 1029 747 1108 tegerem
770 1030 806 1091 ut
828 1024 1050 1092 frondentibus
1072 1045 1153 1107 aras,
1228 1028 1233 1042 “

306 1111 510 1177 Horrendum
534 1115 567 1174 ct
588 1109 677 1176 dictu
698 1110 791 1176 video
812 1111 957 1176 mirabile
979 1117 1165 1177 monstrum.

306 1195 403 1275 Nam,
425 1213 507 1278 quae
528 1195 631 1278 prima
652 1196 720 1261 solo
743 1196 847 1280 ruptis
868 1196 1028 1262 radicibus
1051 1197 1146 1263 arbos

307 1282 460 1360 vellitur,
483 1280 555 1346 huic
578 1285 648 1348 atro
671 1277 838 1364 liquuntur
858 1282 1013 1364 sanguine
1035 1287 1148 1366 guttae

306 1367 350 1432 Et
372 1371 491 1432 terram
514 1366 588 1432 tabo
612 1367 782 1433 maculant.
826 1367 905 1432 Mihi
927 1366 1062 1450 frigidus
1083 1367 1199 1434 horror
1266 1390 1275 1409 ·

242 1451 285 1518 30
307 1452 452 1518 Membra
474 1451 590 1534 quatit,
613 1452 801 1534 gelidusque
824 1453 889 1518 coit
909 1451 1079 1518 formidine
1101 1453 1243 1536 sanguis.

209 1555 211 1562 ’
306 1539 428 1604 Rursus
450 1541 484 1603 et
506 1537 638 1604 alterius
660 1538 784 1604 lentum
807 1538 988 1604 convellere
1010 1539 1116 1604 vimen

307 1622 464 1705 Inscquor
486 1627 519 1690 et
543 1641 670 1690 caussas
691 1623 821 1706 penitus
843 1627 1001 1706 temptare
1023 1623 1166 1690 latentis:

306 1709 387 1775 Ater
410 1712 444 1774 et
465 1709 596 1774 alterius
619 1710 765 1790 sequitur
786 1709 827 1773 de
849 1709 969 1774 cortice
990 1709 1128 1792 sanguis

307 1793 412 1859 Multa
432 1811 563 1860 movens
585 1794 691 1859 animo
712 1792 875 1878 Nymphas
897 1794 1075 1860 venerabar
1095 1794 1235 1878 agrestis

242 1879 285 1945 35
308 1877 547 1961 Gradivumque
568 1883 707 1962 patrem,
731 1879 853 1944 Geticis
875 1880 929 1961 qui
951 1880 1114 1962 praesidet
1135 1880 1231 1960 arvis,

306 1964 380 2030 Rite
402 1965 616 2030 secundarent
637 1964 722 2029 visus
746 1983 903 2046 omenque
925 1965 1079 2030 levarent

307 2048 419 2115 Tertia
439 2050 496 2114 sed
518 2054 688 2133 postquam
709 2049 828 2115 maiore
850 2049 980 2116 hastilia
1001 2049 1073 2116 uisu

306 2135 486 2218 Adgredior
508 2135 705 2218 genibusque
728 2136 881 2200 adversae
902 2135 1050 2200 obluctor
1071 2153 1188 2202 menae
1201 2173 1249 2184 -—

307 2221 462 2303 Eloquar,
484 2241 525 2286 an
548 2219 680 2287 sileam?
701 2258 746 2268 —
767 2221 905 2303 gemitus
927 2221 1131 2287 lacrimabilis
1152 2221 1218 2286 imo

241 2305 285 2370 40
306 2307 445 2373 Auditur
467 2308 603 2386 tumulo,
626 2311 660 2372 et
680 2325 742 2372 vox
763 2305 890 2372 reddita
910 2305 1014 2372 fertur
1036 2307 1077 2372 ad
1099 2307 1200 2372 auris:

308 2393 390 2471 Quid
414 2393 576 2472 miserum,
599 2391 722 2472 Aenea,
744 2392 891 2458 laceras?
926 2391 990 2457 iam
1011 2411 1108 2476 parce
1130 2392 1274 2475 sepulto;

306 2479 406 2546 Parce
429 2478 496 2563 pias
519 2479 677 2545 scelerare
699 2498 822 2545 manus.
864 2477 936 2543 Non
959 2496 1011 2544 me
1033 2477 1093 2544 tibi
1114 2478 1211 2545 Troia

306 2565 482 2630 Externum
505 2565 580 2631 tulit
601 2570 657 2629 aut
680 2582 775 2629 cruor
796 2562 848 2629 hic
871 2564 910 2629 de
932 2563 1041 2645 stipite
1063 2569 1180 2630 manat.

307 2650 391 2715 Heul
428 2647 503 2731 fuge
526 2649 663 2714 crudelis
687 2654 804 2728 terras,
827 2648 861 2715 fu
885 2668 903 2714 e
925 2648 1001 2714 litus
1023 2668 1161 2714 ararum.

240 2735 283 2801 45
305 2734 387 2800 Nam
409 2734 585 2819 Polydorus
609 2752 676 2817 ego.
719 2734 779 2800 Hic
802 2753 861 2799 con
906 2754 959 2799 um
981 2733 1088 2801 ferrea
1108 2735 1190 2817 texit

308 2818 458 2885 Telorum
480 2838 572 2903 seges
595 2824 628 2885 et
648 2818 760 2885 iaculis
782 2819 918 2885 increuit
940 2819 1051 2887 acutis.

307 2906 388 2975 Tum
411 2923 486 2971 vero
509 2903 639 2987 ancipiti
661 2909 803 2973 mentem
825 2904 994 2972 formidine
1016 2923 1145 2987 pressus

308 2990 399 3057 Obsti
423 2990 468 3069 ui,
490 2994 714 3071 steteruntque
737 3008 848 3056 romae
870 2996 903 3056 et
924 3011 985 3056 voa
1006 2989 1150 3056 faucibus
1171 2991 1285 3058 haesit

420 3094 484 3141 uno
503 3074 695 3157 Polydorum
718 3074 789 3141 auri
810 3076 970 3159 quondam
993 3094 1065 3141 cum
1086 3077 1231 3161 pondere
1252 3094 1368 3161 magno

242 3160 284 3229 bt)
306 3156 422 3230 Infelix
442 3160 587 3229 Priamus
610 3160 720 3227 furtim
743 3163 911 3227 mandarat
934 3162 1083 3227 alendum

307 3246 452 3315 Threicio
475 3246 557 3329 regi,
582 3266 652 3315 cum
674 3247 738 3313 iam
760 3246 921 3313 diffideret
944 3247 1040 3313 armis

306 3332 490 3399 Dardaniae
511 3332 657 3414 cingique
680 3332 792 3397 urbem
814 3332 979 3399 obsidione
1001 3332 1133 3397 videret

219 3486 244 3522 r.
264 3468 294 3523 G.
313 3470 338 3533 1,
357 3467 429 3536 lut!
463 3466 503 3523 19.
521 3469 597 3521 Dion.
616 3486 659 3533 rra,
677 3468 780 3533 Veneri,
799 3469 871 3523 cuius
893 3477 973 3521 mutar
990 3470 1075 3521 Diona.
1091 3497 1126 3509 -
1142 3471 1224 3532 divrk,
1242 3486 1266 3520 v.
1283 3467 1309 3533 8,
1328 3464 1395 3535 luel

220 3537 261 3593 21.
280 3555 305 3591 v.
322 3537 349 3603 2,
365 3536 442 3659 mg
473 3534 514 3591 ab
533 3554 601 3589 ruere.
627 3542 659 3602 t,
684 3537 812 3591 frondibus
835 3539 957 3601 volarem,
980 3545 1008 3591 ut
1032 3554 1086 3589 mos
1107 3546 1175 3599 παις
1199 3538 1231 3589 ci.
1250 3537 1276 3602 2,
1293 3536 1344 3589 248
1359 3553 1394 3603 sq.

220 3606 250 3661 G.
262 3604 289 3672 4‘,
300 3606 359 3661 276.
407 3605 424 3659 2
443 3646 449 3657 .
468 3606 569 3659 Donat:
588 3606 771 3671 „Horrendum
782 3615 883 3674 propter
899 3610 1055 3672 sanguinem,
1073 3607 1206 3667 mirabile,
1229 3607 1394 3673 quoddocbet

220 3678 250 3729 do
268 3677 358 3741 ligno.“
406 3674 441 3731 29
459 3690 495 3741 sq
513 3692 538 3727 v.
556 3674 581 3737 1,
599 3673 654 3740 924
689 3672 730 3727 34.
756 3674 879 3744 Nymph,
905 3691 969 3742 quoe
991 3674 1082 3726 lrutcto
1106 3675 1142 3725 illi
1166 3673 1323 3746 praeerunt-l
1355 3670 1393 3725 dh

219 3744 288 3808 Rite,
305 3747 404 3799 videtur
420 3752 494 3811 poeta
512 3745 558 3797 hoo
575 3744 727 3807 aiquilinus:
747 3745 820 3795 solito
838 3746 885 3797 diis
902 3760 976 3807 ruore,
995 3760 1051 3795 cum
1067 3759 1132 3793 novo
1144 3750 1250 3808 ostento,
1268 3746 1332 3811 quud
1351 3742 1394 3793 sibi

219 3814 348 3878 obtingere
361 3820 432 3879 optut
448 3814 554 3875 Aemus,
572 3818 662 3865 metum
680 3814 770 3879 prioris
788 3814 874 3865 volunt
891 3815 984 3865 lavare.
999 3840 1035 3851 -·
1051 3815 1131 3872 visua,
1150 3812 1267 3865 &evase
1284 3807 1394 3878 „rise.¹‘l

218 3879 260 3935 40.
287 3884 331 3933 odi
355 3896 406 3933 ror
433 3882 537 3945 dicmur,
563 3896 618 3933 rum
640 3881 719 3934 soiius
740 3881 872 3946 loquentis,
897 3882 984 3942 reddi,
1009 3896 1063 3933 cum
1088 3881 1162 3931 etium
1186 3881 1308 3933 audientis
1333 3880 1394 3931 rudo

218 3952 330 4003 labeum
380 3948 422 4003 41.
441 3953 502 4001 iam.
519 3964 553 4017 p,
571 3950 620 4001 noli
637 3950 753 4003 lacerans
768 3946 896 4015 amplius!
924 3947 966 4001 43.
984 3949 1053 4014 talu,
1069 3949 1181 4015 protulit,
1191 3950 1285 4013 genuit
1296 3976 1330 3987 -
1342 3952 1394 4009 aut,

218 4036 243 4071 v.
262 4018 286 4079 2,
306 4014 337 4071 Ti
357 4020 379 4089 .Ι
418 4015 460 4071 4Ει
485 4018 577 4071 iaculis
602 4020 691 4074 tertius
714 4034 799 4071 casus:
827 4033 901 4081 seges
923 4018 967 4069 illo
989 4018 1070 4069 crevit
1091 4018 1115 4067 iu
1137 4018 1232 4081 iacula,
1254 4034 1299 4085 pro
1316 4018 1393 4069 riciu

218 4087 331 4151 hastilia,
349 4102 380 4139 er
400 4086 489 4151 quibus
506 4087 666 4141 corrhciuotur
683 4084 792 4155 iaculal
822 4082 864 4137 47.
890 4101 914 4137 v.
936 4086 964 4139 Ε.
987 4081 1088 4149 3,106.
1107 4112 1136 4123 ·-
1157 4089 1280 4153 ancipiti,
1314 4085 1394 4153 npliri,

217 4162 276 4209 notu
294 4164 320 4208 et
336 4171 367 4207 aa
385 4155 440 4207 viso
459 4156 575 4219 sunguine
593 4162 618 4207 st
635 4170 666 4209 ex
684 4155 776 4207 auditis
794 4155 879 4206 verbis
895 4153 1040 4223 Polydori.l
1071 4150 1113 4205 50.
1130 4153 1243 4236 luffelde,
1265 4155 1322 4221 quia
1340 4170 1394 4204 cou-

217 4226 300 4277 silium
323 4224 416 4277 Prieni
439 4222 592 4292 Polydorum
613 4224 638 4275 in
661 4222 808 4286 Thraciam,
831 4229 859 4275 ut
882 4223 917 4277 ihi
939 4228 1008 4276 tutus
1032 4229 1113 4287 asset,
1135 4223 1255 4275 mittentes
1277 4221 1393 4275 infelicet

217 4294 305 4347 hahuit
322 4294 425 4356 cauam
445 4292 481 4345 sio
499 4291 562 4345 bilo
579 4292 709 4359 inseiis
727 4290 755 4357 1,
769 4288 837 4354 749,
854 4290 946 4356 nasia,
962 4292 1022 4359 quid
1036 4291 1095 4343 nali
1106 4290 1154 4343 sibi
1165 4286 1327 4359 temneat}
1354 4286 1395 4341 51.

210 4366 277 4442 'rapt
298 4354 486 4432 Polymestoril
520 4356 554 4413 ol
572 4374 610 4427 sq.
633 4359 693 4413 cm
715 4361 779 4425 iam,
808 4367 865 4428 post
888 4361 967 4427 prinu
988 4359 1083 4435 proclia
1107 4360 1229 4425 adversa,
1253 4362 1397 4427 desperaret
