2942 4975
462 274 711 361 enonereo'u
735 298 894 363 nram.
1200 300 1262 366 101

176 482 250 549 Mox
272 486 344 548 erat
364 482 425 547 hoc
445 482 549 565 ipsum
571 482 680 563 exitio,
702 482 856 565 furiisque
877 482 991 550 reiecti

175 568 354 646 Ardebant,
375 567 498 648 ipsique
520 586 593 633 suos
614 568 678 633 iam
698 573 803 633 morte
824 569 882 633 snb
904 589 1001 653 aegra
1023 608 1062 619 —

175 653 215 717 Di
237 653 372 717 meliora
392 652 452 734 piis
476 670 679 734 erroremque
700 653 845 718 hostibus
866 654 969 721 illumi
990 692 1035 703 -

103 797 107 805 ,
175 737 333 803 Discissos
353 737 447 802 nudis
468 737 633 802 laniabant
653 738 803 803 dentibus
824 745 923 804 artus.
1002 805 1004 811 ,

97 823 156 888 515
175 824 257 887 Ecce
281 827 389 887 autem
412 823 491 887 duro
514 821 639 888 fumans
661 824 719 888 snb
741 842 870 889 vomere
892 831 1003 890 taurus

177 907 325 972 Concidit
348 912 382 972 et
401 907 536 973 mixtum
557 908 676 990 spumis
697 910 798 973 vomit
818 928 874 975 ore
897 928 1042 975 cruorem

175 994 408 1074 Extremusque
430 993 495 1057 ciet
516 993 659 1074 gemitus.
702 994 734 1058 It
755 994 857 1059 tristis
878 999 995 1074 arator,

175 1079 376 1143 Maerentem
397 1078 573 1165 abiungens
595 1076 738 1143 fraterna
758 1084 862 1144 morte
884 1081 1062 1159 iuvencum,
1099 1079 1102 1086 '

175 1164 283 1244 Atque
306 1181 402 1244 opere
423 1162 457 1227 in
479 1164 584 1228 medio
607 1162 709 1227 defixa
730 1165 882 1246 relinquit
903 1165 1018 1230 aratra.

98 1246 155 1311 520
174 1249 246 1313 Non
269 1248 402 1313 umbrae
424 1248 562 1313 altorum
584 1266 763 1329 nemorum,
785 1268 848 1313 non
870 1250 979 1315 mollia
999 1255 1134 1331 possunt

175 1334 274 1398 Prata
296 1351 423 1397 movere
446 1333 600 1413 animum,
622 1352 701 1411 non,
723 1335 779 1415 qui
799 1353 858 1416 per
878 1353 954 1399 saxa
975 1336 1103 1400 volutus

175 1418 292 1483 Purior
313 1418 433 1483 electro
456 1437 600 1500 campum
622 1418 705 1500 petit
725 1420 840 1498 amnis3
862 1424 896 1484 at
916 1420 981 1484 ima

176 1502 353 1567 Solvuntur
374 1504 488 1582 latera,
511 1509 607 1585 atque
629 1504 738 1569 oculos
760 1509 873 1587 stupor
894 1510 1011 1586 urguet
1031 1504 1153 1584 inertis,

175 1588 224 1652 Ad
247 1593 432 1670 terramque
454 1587 525 1653 fluit
546 1590 666 1653 devexo
688 1590 830 1671 pondere
853 1590 967 1655 cervix.

99 1672 156 1737 525
177 1673 259 1750 Quid
282 1673 373 1738 labor
394 1679 450 1738 aut
471 1673 640 1739 benefacta
660 1674 792 1739 iuvant?
828 1676 904 1756 quid
925 1693 1054 1740 vomere
1076 1680 1180 1739 terras

176 1758 351 1825 invertisse
373 1758 500 1840 gravisi
536 1758 624 1841 atqui
646 1777 710 1823 non
731 1760 869 1825 Massica
889 1760 1007 1824 Baeebi

175 1844 323 1922 Munera,
344 1862 409 1908 non
430 1844 493 1908 illis
516 1845 628 1926 epulae
650 1862 788 1909 nocuere
811 1851 972 1927 repostae:
1002 1895 1004 1902 .

175 1928 356 2013 Frondibus
379 1935 413 1994 et
433 1929 520 1993 victu
540 1933 714 2011 pascuntur
736 1930 887 2011 simplicis
907 1929 1035 2008 herbae,

176 2014 298 2079 Pocula
319 2019 395 2078 sunt
415 2013 520 2079 fontes
542 2015 654 2096 liquidi
676 2020 773 2097 atque
795 2016 936 2080 exercita
959 2033 1054 2080 cursu

99 2097 156 2163 530
175 2098 336 2177 Flumina,
359 2118 419 2163 nec
441 2118 567 2164 somnos
589 2099 750 2182 abrumpit
772 2120 848 2165 cura
869 2100 1014 2165 salubria.

177 2184 335 2265 Tempore
356 2203 419 2249 non
442 2185 504 2249 alio
527 2185 637 2251 dicunt
657 2186 841 2266 regionibus
861 2186 925 2250 iliis

179 2269 346 2346 Quaesitae
368 2270 408 2334 ad
431 2288 522 2351 sacra
543 2270 640 2335 boves
661 2270 808 2349 Iunonis,
831 2276 866 2335 et
886 2270 953 2335 uris

177 2354 345 2443 inparibus
367 2356 480 2420 ductos
502 2356 569 2420 alta
589 2357 630 2420 ad
652 2356 785 2420 donaria
806 2373 925 2419 currus.

177 2440 262 2522 Ergo
285 2458 382 2522 aegre
404 2440 517 2506 rastris
540 2445 659 2508 terram
680 2440 850 2520 rimantur,
873 2444 907 2505 et
926 2440 1005 2522 ipsis

98 2523 156 2590 535
177 2525 345 2608 Unguibus
365 2525 526 2590 infodiunt
546 2525 671 2608 fruges,
692 2527 873 2608 montisque
894 2544 953 2608 per
974 2526 1056 2590 altos

179 2611 339 2676 Contenta
360 2611 484 2676 cervice
506 2611 639 2680 trahunt
660 2612 830 2676 stridentia
850 2611 1019 2693 plaustra

176 2695 249 2760 Non
271 2697 366 2778 lupus
387 2696 518 2762 insidias
540 2698 686 2778 explorat
706 2697 803 2762 ovilia
824 2698 952 2775 circum,

176 2781 244 2846 Nec
267 2781 417 2863 gregibus
439 2787 614 2847 nocturnus
637 2782 835 2862 obambulat3
858 2782 962 2847 acrior
981 2781 1073 2845 illum

178 2865 261 2931 Cura
284 2867 406 2946 domat3
428 2867 532 2932 timidi
555 2868 698 2932 dammae
720 2868 870 2949 cervique
891 2866 1021 2948 fugaces

96 2949 155 3014 540
177 2951 271 3016 Nunc
292 2951 441 3033 interque
464 2971 558 3017 canes
581 2958 615 3016 et
637 2952 756 3017 circum
778 2958 866 3017 tecta
886 2955 1005 3034 vagant
1044 3000 1052 3014 .

176 3037 245 3101 Iam
267 3036 364 3101 maris
385 3037 521 3102 inmensi
542 3037 664 3119 prolem
687 3043 720 3102 et
742 3057 843 3119 genus
866 3055 960 3101 omne
981 3040 1149 3101 natantum
1259 3105 1262 3110 ,

175 3123 288 3188 Litore
309 3122 344 3186 in
366 3126 520 3202 extremo,
543 3141 603 3188 ceu
623 3121 779 3204 naufraga
801 3141 946 3205 corpora,
967 3120 1083 3186 fluctus

94 3296 195 3357 premit,
222 3293 280 3357 quia
304 3293 358 3358 ipsa
382 3291 558 3372 intumuerat}
592 3289 651 3344 513.
669 3291 700 3343 ci.
719 3292 811 3344 tibull.
830 3289 854 3353 3,
872 3291 897 3355 4,
915 3288 939 3341 1.
957 3319 991 3328 -
1009 3307 1136 3351 errorem,
1159 3288 1268 3340 furorem

98 3359 168 3424 illurn,
185 3377 235 3427 quo
253 3361 290 3410 iili
307 3362 414 3426 correpti
431 3377 458 3411 se
475 3361 521 3428 ipsi
534 3357 708 3430 dilaniabant}
742 3358 801 3410 514.
820 3361 906 3423 nudis,
926 3360 968 3425 qni
980 3367 1037 3409 sunt
1048 3359 1141 3420 nudati,
1159 3358 1268 3408 reductis

96 3427 174 3492 labiis,
198 3445 269 3479 more
291 3429 449 3492 ringentium,
476 3445 561 3479 canum
586 3429 695 3495 inprimis
720 3435 746 3478 et
765 3425 935 3496 furiosorum}
968 3425 1027 3477 515.
1045 3429 1092 3476 aab
1110 3441 1223 3492 uoncerq,
1247 3441 1268 3476 s.

97 3500 179 3548 urendi
196 3494 310 3564 labore!
344 3494 396 3547 520
408 3513 460 3562 sqq.
479 3497 545 3547 llaec
562 3513 608 3547 non
627 3499 659 3548 ad
677 3512 750 3547 unum
770 3497 837 3547 illurn
855 3497 911 3563 pari
928 3511 973 3545 suo
991 3495 1156 3562 superstitem,
1174 3495 1217 3544 sed
1230 3494 1269 3544 ud

97 3567 234 3616 universnm
251 3565 376 3616 taurinum
394 3581 470 3628 genus
488 3571 609 3632 spectare,
629 3566 742 3616 declarat
757 3566 860 3616 verbum
877 3567 1026 3631 pascuntur
1042 3579 1080 3613 vs.
1098 3556 1175 3631 5231
1207 3559 1267 3612 522.

98 3634 193 3698 electro,
212 3633 314 3684 metallo
332 3649 363 3683 ex
381 3649 443 3684 auro
461 3643 485 3684 et
503 3634 585 3698 quinta
604 3641 675 3699 perte
692 3639 788 3696 argent
802 3637 914 3682 condato.
937 3631 1040 3681 Servius
1058 3631 1139 3694 „sieut
1151 3632 1269 3682 electrum

98 3701 244 3753 defaecatius
263 3708 302 3752 est
319 3702 427 3752 metallis
445 3701 564 3766 omnibus,
582 3703 619 3751 ita
636 3711 660 3754 et
677 3717 779 3752 currens
797 3717 862 3766 aqua
880 3700 968 3750 ceteris
985 3699 1102 3766 purior;“
1119 3706 1145 3750 et
1161 3696 1224 3750 Plio.
1236 3697 1269 3750 Ν.

99 3768 125 3818 li.
136 3769 176 3834 33,
188 3769 213 3832 4,
226 3767 261 3820 23
279 3771 380 3832 „electri
397 3776 487 3820 natura
504 3777 543 3820 est
560 3771 591 3820 ad
610 3769 765 3820 lucernarum
779 3770 869 3819 lunrinu
880 3769 971 3818 elarius
985 3774 1087 3831 argento
1100 3765 1269 3837 splendere‘ti

34 3857 37 3866 ·
99 3833 152 3888 523.
169 3839 321 3902 Solvuntur,
344 3839 480 3905 dependent
503 3833 722 3956 flaccidagfflbffi.
748 3853 773 3888 v.
791 3837 816 3897 2,
836 3833 908 3905 1431
942 3832 1001 3887 527.
1027 3835 1074 3900 Qui
1098 3843 1180 3887 terras
1199 3836 1270 3898 longe

100 3914 201 3958 remotas
220 3907 356 3956 meminerit
373 3921 388 3956 c
406 3905 511 3970 Virgilio
529 3907 559 3956 l.
578 3903 603 3969 3,
622 3907 627 3922 ¹
691 3913 834 3972 repostas
852 3905 979 3971 appellari,
998 3920 1044 3954 non
1062 3905 1193 3966 dubitabit,
1211 3903 1269 3968 quin

100 3988 166 4025 canae
188 3981 305 4041 repostae
329 3975 377 4024 sint
402 3989 458 4037 eae,
483 3989 544 4039 quas
567 3973 654 4036 Silius,
678 3975 740 4024 haec
763 3974 901 4036 Virgilianos
923 3972 1045 4035 imitatus,
1072 3973 1135 4023 dixit
1160 3969 1200 4035 13,
1218 3967 1270 4022 354

101 4057 208 4102 „mensus
227 4044 278 4093 alia
294 4042 385 4094 tellure
402 4040 533 4109 petitusf‘i
567 4038 626 4092 529.
646 4045 766 4092 coercita
783 4059 816 4106 a,
839 4041 940 4090 assiduo
962 4055 1038 4090 eursu
1055 4037 1175 4104 agitatu!
1209 4036 1268 4090 532.

102 4108 242 4174 mamitus,
261 4111 415 4160 desideratas
428 4125 490 4172 esse,
509 4109 628 4172 doluissem
646 4112 725 4174 bacea,
744 4111 829 4160 niveas
846 4110 950 4174 quidem,
968 4109 1076 4174 qualium
1093 4125 1153 4159 usus
1171 4113 1229 4159 erat
1244 4107 1269 4156 in

101 4181 224 4229 ammoto
241 4178 338 4229 iunonis
355 4178 466 4242 Argivae
483 4179 514 4228 ad
534 4179 648 4244 ternplum
667 4179 728 4228 deae
746 4180 862 4229 vehenda.
880 4204 915 4213 -
931 4181 1001 4238 uris,
1018 4192 1043 4226 v.
1061 4175 1087 4239 2,
1102 4172 1175 4244 3751
1209 4171 1268 4226 533.

101 4244 244 4311 torporibus,
268 4247 322 4296 sive
340 4248 516 4310 magnitudine,
540 4248 594 4297 sive
612 4246 706 4308 colore,
729 4245 927 4312 siccataeque!
962 4241 1022 4295 537.
1040 4248 1098 4307 ias,
1116 4243 1268 4294 occasionem

101 4312 262 4384 haimarum!
296 4311 356 4366 539.
375 4314 445 4366 Cura
460 4315 498 4380 d,
517 4329 602 4382 nempe
619 4315 673 4381 ipse
689 4329 743 4364 cum
761 4316 854 4381 reliquo
872 4312 1038 4377 teneamur
1056 4313 1196 4375 damarum,
1214 4325 1272 4365 eer-
