2942 4975
433 280 689 387 'snonsroou
716 314 796 379 nra.
818 314 872 379 iv,
1180 315 1240 380 111

154 501 319 581 Quemque
340 498 401 564 sibi
422 497 529 564 tenuis
551 503 736 565 nascentem
759 512 922 565 arcessere
943 501 1038 581 ritas;

79 586 136 651 225
156 585 284 651 Scilicet
304 584 369 648 huc
389 583 482 649 reddi
505 584 620 649 deinde
641 602 678 649 ac
699 584 844 649 resoluta
863 584 977 651 reterri

156 670 283 748 Omnia,
305 688 366 735 nec
387 668 484 733 morti
507 686 578 733 esse
599 669 718 747 locum,
741 670 799 734 sed
820 670 892 735 viva
912 670 1021 737 volare

154 755 274 821 Sideris
294 755 329 818 in
350 760 519 819 numerum
540 759 638 835 atque
660 754 726 819 alto
749 754 920 820 succedere
942 757 1039 821 caelo.

234 839 270 904 Si
292 840 419 921 quando
442 839 551 905 sedem
573 842 741 919 angustam
762 845 953 922 servataque
974 842 1071 907 mella

153 925 326 990 Thesauris
347 924 479 1003 relines‚
502 923 590 1005 prius
611 923 729 989 haustu
752 942 880 1005 sparsus
902 934 1064 1006 aquarum¹
1137 950 1140 954 ·

78 1009 134 1075 230
153 1008 328 1088 Oratore,
350 1007 517 1090 fumosque
539 1028 635 1073 manu
656 1010 833 1090 praetende
853 1011 1007 1091 sequacis.

151 1095 207 1160 Bis
230 1094 380 1176 gravidos
403 1098 522 1175 cogunt
544 1092 643 1171 fetus,
665 1094 728 1159 duo
751 1099 898 1176 tempora
918 1096 1040 1175 messis,

153 1180 296 1262 Taygete
318 1179 413 1244 simul
436 1197 471 1243 os
493 1179 588 1244 terris
611 1178 753 1244 ostendit
774 1178 945 1255 honesturn

152 1265 237 1329 Plias
261 1269 295 1329 et
317 1264 438 1329 Oceani
459 1270 586 1345 spretos
608 1264 690 1345 pede
712 1264 854 1346 reppulit
875 1265 985 1343 amnis

151 1351 218 1414 Aut
240 1350 353 1425 eadem
375 1350 463 1414 sidus
485 1348 611 1430 fugiens
633 1348 687 1413 ubi
709 1349 811 1414 Piscis
831 1350 942 1431 aquosi

79 1433 133 1499 235
154 1433 292 1500 Tristior
313 1433 464 1499 hibernas
487 1434 575 1499 caelo
597 1434 765 1499 descendit
785 1434 819 1499 in
840 1436 951 1501 undas.

151 1519 219 1584 Illis
241 1519 292 1585 ira
312 1520 442 1585 modum
464 1510 561 1601 suprr'a
583 1524 647 1598 est,
669 1519 840 1601 laesaeque
860 1537 1019 1585 venenum

152 1604 313 1669 Morsibus
334 1602 505 1686 inspirant,
527 1608 561 1669 et
583 1604 706 1690 spicula
727 1623 825 1669 caeca
844 1605 1029 1686 relinquunt

151 1687 286 1755 adfixae
306 1689 409 1768 venis,
431 1690 616 1769 animasque
637 1690 671 1755 in
692 1689 824 1755 volnere
845 1695 976 1771 ponunt

152 1774 206 1840 Sin
229 1775 343 1839 duram
363 1779 489 1839 metues
510 1774 649 1839 hiemem
670 1792 848 1856 parcesque
868 1774 978 1841 tuturo

78 1857 133 1923 240
152 1860 397 1941 contunsosque
419 1860 541 1925 animos
563 1864 598 1923 et
618 1876 670 1923 res
692 1858 887 1925 miserabere
909 1858 1040 1926 fractas:

152 1947 196 2009 At
218 1943 329 2011 suffire
351 1944 461 2026 thymo
484 1962 636 2025 cerasque
659 1944 805 2010 recidere
826 1945 929 2009 inanis

152 2030 230 2107 Quis
253 2029 403 2095 dubitet?
438 2048 512 2095 nam
536 2047 632 2110 saepe
654 2028 743 2095 favos
764 2030 895 2111 ignotus
916 2030 1028 2096 adedit

152 2114 253 2180 Stelio
277 2120 311 2180 et
332 2114 480 2195 lucifugis
503 2119 657 2195 congesta
679 2113 797 2179 cubilia
817 2115 928 2180 blattis

151 2199 369 2281 Immunisque
393 2201 508 2265 sedens
530 2199 636 2264 aliena
657 2199 698 2264 ad
719 2200 838 2282 pabula
858 2198 962 2278 fucus3

75 2284 132 2348 alo
152 2287 219 2350 Aut
239 2303 335 2367 asper
357 2284 468 2351 crabro
490 2284 655 2366 inparibus
677 2302 712 2348 se
734 2284 898 2349 inmiscuit
918 2285 1023 2363 armis,

76 2417 115 2470 51.
131 2428 154 2471 et
171 2418 195 2484 3,
214 2418 256 2474 60.
274 2428 328 2471 turn
346 2420 376 2471 A.
394 2420 418 2484 6,
437 2418 510 2490 7261
545 2416 605 2470 224.
624 2424 721 2482 tenores,
740 2421 829 2488 qnippe
844 2427 917 2488 tenne
934 2420 1048 2487 quiddam
1067 2421 1245 2477 etaetheriurn

78 2497 114 2540 est
127 2488 228 2558 anima!
263 2488 322 2541 227.
341 2489 441 2541 Sideris
458 2494 485 2540 io
504 2505 650 2553 numerum,
669 2491 732 2540 inter
750 2490 846 2548 sidera3
865 2490 975 2540 imitatus
992 2494 1067 2555 poeta
1083 2489 1245 2540 videaur-Lu·

76 2560 203 2610 cretisnnru
226 2559 289 2609 illud
309 2557 339 2623 1,
360 2555 597 2626 431,,Οονροι·ιί
621 2559 722 2622 augebit
746 2560 900 2610 nhmemru.“
935 2557 1033 2624 Corpus
1056 2557 1108 2620 hie,
1132 2564 1162 2608 ut
1178 2559 1245 2624 apud

76 2625 197 2690 Virgilium
220 2625 314 2688 Seuer,
336 2633 375 2677 est
397 2627 568 2690 collectivum3
592 2625 623 2676 cl.
649 2625 723 2676 ovid.
743 2627 820 2678 Trist
838 2623 869 2690 2,
887 2622 938 2676 567
961 2627 1041 2688 „iuter
1063 2631 1102 2676 tot
1124 2628 1247 2694 scripti

76 2695 142 2745 millia
153 2696 257 2745 nostri.“
275 2695 361 2760 llusip.
372 2696 460 2746 Bellen.
473 2695 561 2759 fragm.
571 2691 605 2744 25
617 2692 741 2771 ,λόγχης
752 2687 870 2764 ἀριθμῷ
882 2694 1014 2749 πλείονος
1025 2685 1244 2762 κρατούμεναι.“

74 2763 153 2813 Acsch.
164 2763 234 2814 Pers.
247 2760 307 2816 386.
320 2762 356 2812 Bl.
370 2755 463 2825 ,τάξις
475 2761 508 2814 dt
520 2756 600 2819 τάξιν
612 2761 763 2828 παρεκαλει
781 2755 868 2818 νεὼς
885 2759 1077 2843 μακρᾶς.“11
1100 2759 1245 2814 uas-250.

74 2829 287 2897 demutatione.
338 2831 397 2881 llos
426 2847 540 2882 versus
570 2829 728 2882 Tittlerus
754 2833 797 2894 et,
833 2831 874 2896 qui
909 2831 965 2881 huic
995 2831 1179 2897 adshpulatur,
1215 2831 1245 2882 0.

74 2896 273 2965 llibhfeclrius,
309 2913 341 2948 ex
369 2906 441 2965 parte
470 2902 544 2950 etiam
578 2899 779 2962 buchnerus,
819 2901 868 2949 sic
906 2900 1066 2950 ordinent:
1105 2895 1245 2951 228-30.

72 2963 192 3018 alo-38.
216 2964 345 3018 231-35.
369 2964 497 3020 248-50.
520 2964 662 3036 239-471
702 2965 761 3018 228.
787 2967 834 3018 dlii
864 2966 1034 3038 augustam!
1066 2964 1118 3020 229
1135 2981 1171 3032 sq.
1188 2966 1246 3018 iove

74 3050 112 3096 os,
143 3037 159 3085 i.
183 3052 205 3086 e.
223 3051 299 3098 cura,
333 3043 362 3086 ut
389 3036 419 3086 A.
445 3035 490 3100 12,
519 3033 594 3099 420,
630 3045 715 3102 nempe
744 3037 885 3101 purgando,
921 3050 1040 3098 surgens
1075 3036 1136 3086 illud
1166 3051 1246 3101 aquae

74 3104 167 3166 haustu,
203 3105 326 3167 ingratus,
355 3109 395 3154 est
422 3106 484 3156 enirn
515 3106 566 3155 oris
590 3103 671 3153 foetor
694 3104 794 3169 apibus,
819 3109 845 3154 et
867 3102 898 3153 cl.
947 3100 1031 3166 ,135.
1055 3133 1089 3141 -
1116 3119 1246 3170 sequaces,

73 3186 94 3220 r.
112 3171 137 3235 3,
152 3169 213 3222 565.
230 3171 309 3222 Fumo
327 3171 461 3236 abiguntur
478 3188 551 3239 apes,
576 3179 604 3221 ut
625 3172 722 3237 impune
745 3172 825 3237 possis
843 3173 891 3221 mel
908 3172 1034 3234 colligere.
1051 3199 1085 3208 —
1102 3187 1137 3221 m.
1151 3177 1245 3235 praet,

73 3247 177 3304 protenta
201 3255 276 3290 uranu
300 3253 361 3306 prae
378 3247 404 3290 te
421 3236 481 3309 len!
520 3237 579 3291 231.
602 3240 643 3289 Bis
667 3240 695 3290 fit
724 3241 856 3304 quotannis
878 3240 996 3291 mellatio.
1017 3267 1053 3278 -
1077 3244 1188 3304 coguut,
1209 3255 1244 3290 sc.

73 3309 180 3371 uellacii,
208 3315 234 3358 et
251 3323 282 3371 ,v‚
300 3323 338 3357 vs.
356 3305 414 3358 101.
439 3315 464 3358 et
488 3304 546 3359 140.
564 3309 629 3358 adde
646 3303 677 3370 3,
696 3304 755 3358 312.
773 3336 807 3344 -
824 3308 904 3372 setus
921 3323 991 3358 ornne
1012 3323 1089 3371 genus
1111 3314 1245 3373 proventus

76 3377 197 3440 significet,
215 3377 240 3426 h.
257 3376 274 3426 l.
291 3376 352 3438 mel;
371 3380 486 3427 triticeos
497 3377 578 3441 setas
596 3375 670 3426 Ovid.
688 3375 757 3426 Fast.
776 3375 800 3438 1,
818 3373 892 3442 6931
926 3373 978 3426 232
989 3391 1026 3440 sq.
1044 3377 1092 3426 ia
1105 3376 1151 3425 sub
1163 3381 1245 3426 ortum

74 3442 201 3507 Pleiadum,
219 3459 325 3510 quarm
342 3459 391 3494 uua
409 3444 537 3512 Taygete3
557 3446 604 3494 hae
620 3443 656 3494 X.
673 3441 731 3494 Kal.
749 3443 831 3494 blaias
847 3445 969 3494 oriuntur.
981 3472 1016 3480 —
1032 3444 1123 3507 artaud,
1140 3458 1165 3492 v.
1177 3443 1207 3494 E.
1220 3440 1246 3505 4,

72 3509 123 3583 261
154 3510 209 3564 234
226 3528 263 3578 sq.
282 3519 308 3562 et
324 3512 370 3562 sub
387 3528 515 3575 occasum,
542 3513 655 3562 occidunt
677 3511 790 3562 Pleiades
809 3511 851 3565 vl.
874 3512 931 3563 ldus
948 3512 1082 3563 Novembr.
1107 3512 1181 3561 Sidus
1204 3511 1245 3562 Pi-

76 3582 153 3643 scium,
170 3582 237 3646 qnod
258 3581 358 3632 hiberno
375 3587 486 3648 tempor-e
504 3587 581 3630 totam
593 3587 744 3646 pernoctem
754 3580 911 3647 conspicitur,
929 3582 1008 3646 ipsam
1019 3580 1121 3630 hiemem
1134 3580 1246 3645 pluvias·

72 3665 112 3714 que
128 3658 154 3700 et
169 3655 332 3716 tempestates
351 3649 466 3700 hibernes
483 3649 625 3728 significat}
660 3645 805 3698 236-238.
824 3649 945 3699 Videntur·
963 3648 988 3697 hi
1003 3663 1093 3700 versus
1104 3650 1128 3698 iu
1140 3649 1246 3699 alienam

73 3718 147 3768 rodem
161 3718 263 3768 traiecti
272 3723 362 3784 etpost
374 3734 413 3767 vs.
422 3713 481 3768 230.
491 3717 635 3767 collocaudr.
647 3743 680 3753 -—
698 3715 740 3767 lra
758 3732 831 3782 upum
848 3718 873 3766 in
885 3716 1024 3767 mellatione
1034 3717 1247 3768 vehementissime

71 3781 227 3848 exardescit!
251 3782 311 3836 238.
323 3787 452 3836 haerentes
457 3785 481 3834 in
487 3800 524 3848 ea,
536 3800 608 3850 qnam
616 3791 779 3851 pupugerunt,
792 3783 1029 3852 pantenu-iuncus}
1052 3781 1246 3836 uos-hlasn

73 3869 107 3904 res
117 3869 191 3920 apum
199 3855 241 3904 vel
250 3854 356 3904 aestatis
365 3853 492 3918 iniquitate
500 3853 541 3903 vel
550 3854 600 3904 alio
611 3868 671 3903 casu
688 3852 770 3903 fracta
787 3854 922 3918 alveosque
938 3854 975 3902 ita
986 3854 1057 3918 inops
1068 3854 1123 3916 erit,
1141 3860 1171 3903 ut
1187 3868 1246 3920 par·

72 3924 168 3973 cendum
191 3923 224 3973 sit
249 3920 347 3984 futuro,
370 3923 425 3972 ie
445 3921 578 3972 condicioni
595 3936 669 3987 apum
687 3937 730 3987 per
754 3921 855 3971 hiemem
879 3920 980 3972 suturae
1002 3921 1189 3983 consulendum,
1213 3928 1246 3984 et,

73 3991 182 4056 quidquid
200 3990 275 4041 fuerit
292 3990 381 4055 mollis,
400 3991 518 4040 intactum
536 3991 570 4040 sit
581 3990 776 4054 relinquendum:
797 3995 905 4040 ammon
923 3988 1043 4040 sumendo
1060 3991 1174 4053 exigendi
1189 3995 1247 4040 sunt

73 4072 162 4109 sumes
175 4067 206 4110 et
222 4060 318 4110 insecta
336 4059 424 4124 apibus
441 4056 532 4108 infesta
550 4066 576 4109 et
593 4059 677 4108 inanes
695 4055 774 4108 cellae
791 4058 942 4120 roeideudae,
959 4058 983 4107 in
1000 4058 1089 4192 quibus
1106 4059 1149 4109 illr
1168 4058 1247 4108 solent

75 4127 220 4188 delitescere3
248 4134 274 4178 et
297 4124 388 4178 sullitio
413 4127 509 4192 quidem
533 4127 635 4192 prodest
659 4126 733 4176 etiam
757 4126 893 4176 valetudini
915 4141 996 4192 apum.
1058 4123 1118 4177 242.
1140 4129 1246 4190 ignotas

75 4196 169 4261 adedit,
200 4195 286 4248 aanor
314 4186 454 4262 τώγιιιν.1
503 4191 563 4245 243.
595 4192 672 4244 §telio
703 4195 744 4243 hic
773 4193 936 4261 hisyllahum‚
974 4195 1074 4257 „color-e
1100 4194 1246 4257 steljoniuo“

77 4260 167 4315 leant.
188 4281 214 4316 v.
233 4263 265 4315 Α.
284 4262 310 4330 1,
327 4209 352 4312 2.
381 4289 414 4299 -
440 4261 539 4313 cubilia
561 4261 711 4326 edederunt,
738 4263 754 4312 i.
778 4278 800 4312 e.
825 4263 921 4313 blattae
944 4262 1084 4327 trequentes
1108 4263 1198 4313 cubilia
1221 4262 1246 4312 iu

76 4345 141 4383 unum
171 4333 254 4385 lucum
289 4326 469 4400 consumes}
519 4326 579 4382 244.
609 4333 749 4393 immunes,
784 4322 902 4398 ἆιργός,
936 4331 1036 4380 llcriod.
1065 4323 1141 4397 '‘Epy.
1169 4325 1246 4397 eoa!
