2942 4975
219 285 281 357 rea
478 245 481 254 ’
588 285 621 350 Ρ.
645 283 810 350 VIRGILI
831 283 1021 351 uaaorus

304 473 434 556 Frigida
455 471 513 537 sub
536 476 624 538 terra
645 470 803 540 tumidum
824 489 919 552 quem
941 471 1055 538 bruma
1075 472 1217 556 tegebat,

303 559 408 638 Nunc,
429 557 541 640 positis
563 575 663 622 novus
686 556 806 622 exuviis
828 555 1011 638 nitidusque
1032 556 1172 637 iuventa,

301 644 440 709 Lubrica
462 642 621 708 convolvit
642 641 768 708 sublato
791 646 922 722 pectore
945 647 1038 724 terga

216 727 281 794 475
303 729 429 794 Arduus
451 727 491 794 ad
513 728 613 792 solem
636 730 669 792 et
690 726 807 808 linguis
829 727 927 792 micat
949 745 1004 792 ore
1027 727 1175 795 trisulcis,

302 813 374 879 Una
395 814 508 895 ingens
530 811 683 894 Periphas
707 815 741 876 et
762 829 916 892 equorum
939 812 1078 894 agitator
1100 813 1243 894 Achillis,

301 899 449 980 Armiger
470 897 684 976 Automedon,
706 916 772 962 una
792 897 894 962 omnis
916 896 1026 978 Scyria
1046 899 1148 980 pubes

303 982 486 1048 Succedunt
507 986 593 1048 tecto
618 987 651 1046 et
673 980 814 1048 flammas
837 983 877 1050 ad
900 982 1038 1050 culmina
1057 983 1187 1050 iactant

302 1069 375 1151 Ipse
396 1069 481 1132 inter
501 1066 620 1148 primos
644 1072 792 1149 correpta
815 1068 894 1134 dura
915 1067 1045 1150 bipenni

162 1231 164 1236 Ι
216 1151 282 1218 480
302 1153 428 1218 Limina
449 1153 639 1234 perrumpit,
661 1153 827 1234 postisque
848 1172 868 1219 a
890 1152 1019 1219 cardine
1041 1153 1132 1218 vellit

301 1239 451 1317 Aeratos;
474 1237 599 1319 iamque
622 1237 727 1304 excisa
749 1237 840 1302 trabe
861 1235 954 1304 firma
976 1238 1101 1304 cavavit

301 1323 427 1388 Robora
450 1327 482 1390 et
503 1322 665 1406 ingentem
687 1320 754 1388 lato
777 1322 866 1388 dedit
886 1340 942 1389 ore
964 1322 1146 1390 fenestram.

302 1407 446 1490 Adparet
468 1407 580 1473 domus
602 1408 703 1486 incus,
725 1412 759 1472 et
780 1407 864 1474 atria
884 1407 982 1490 longa
1001 1413 1185 1490 patescunt3

302 1493 468 1575 Adparent
490 1492 607 1560 Priami
630 1499 663 1558 et
684 1497 829 1558 veterum
851 1493 1029 1575 penetralia
1050 1512 1173 1577 regum,

217 1576 281 1643 485
304 1579 514 1660 Armatasque
536 1578 648 1644 vident
670 1578 784 1644 stantis
806 1577 839 1642 in
862 1577 971 1644 limine
992 1578 1103 1661 primo.

302 1663 346 1728 At
368 1664 480 1734 domus
501 1663 635 1732 interior
657 1663 780 1746 gemitu
801 1661 981 1744 miseroque
1004 1664 1146 1730 tumultu

302 1747 470 1828 Miscetur,
492 1748 683 1831 penitusque
707 1767 802 1814 carae
824 1747 1030 1830 plangoribus
1052 1749 1164 1816 aedes

302 1833 461 1898 Femineis
484 1833 623 1912 ululant,
645 1833 720 1898 ferit
743 1852 841 1898 aurea
862 1833 967 1901 sidera
989 1835 1116 1901 clamor.

303 1919 383 1983 Tum
406 1918 539 2000 pavidae
561 1918 654 1984 tectis
676 1922 797 1984 matres
818 1918 1002 2000 ingentibus
1025 1923 1142 1998 emant,

216 2003 280 2069 490
301 2003 539 2085 Amplexaeque
562 2007 675 2070 tenent
696 2004 798 2086 postis
820 2008 917 2085 atque
940 2006 1049 2070 oscula
1070 2002 1181 2087 figunt.

302 2089 407 2153 Instat
428 2088 459 2153 vi
480 2088 585 2170 patria
605 2089 760 2171 Pyrrhus;
782 2107 842 2154 nec
865 2089 1018 2170 claustra,
1039 2108 1144 2173 neque
1165 2089 1228 2172 ipsi

303 2173 459 2246 Custodes
481 2173 614 2246 sufferre
636 2174 759 2253 ualent3
781 2173 869 2240 labat
890 2175 992 2240 ariete
1015 2176 1126 2241 crebro

301 2259 414 2339 Ianua,
437 2264 470 2324 et
493 2259 589 2326 emoti
611 2260 825 2342 procumbunt
847 2259 977 2327 cardine
998 2266 1116 2342 postes

301 2343 354 2410 Fit
375 2345 426 2415 via
448 2345 493 2425 vi;
515 2349 668 2428 rumpunt
689 2345 808 2423 aditus,
829 2344 1012 2427 primosque
1035 2345 1198 2413 trucidant

216 2427 427 2497 4951nmissi
449 2431 567 2511 Danai,
591 2437 624 2497 ct
645 2431 710 2497 late
733 2431 804 2496 loca
825 2430 926 2496 milite
950 2430 1109 2515 conplent.

301 2516 373 2581 Non
396 2517 456 2596 sic,
479 2517 647 2599 aggeribus
669 2516 773 2599 ruptis
796 2535 867 2582 cum
889 2535 1039 2600 spumeus
1061 2517 1163 2584 amnis

301 2601 388 2667 Exiit
409 2602 634 2689 oppositasque
658 2602 754 2667 evicit
776 2602 901 2683 gurgite
927 2603 1038 2681 molae,

301 2685 418 2757 Fertur
439 2686 472 2750 in
495 2706 571 2755 arva
592 2685 702 2753 furens
725 2688 866 2767 cumulo,
889 2706 1080 2769 camposque
1102 2705 1160 2769 per
1183 2688 1286 2755 omnis

302 2770 381 2836 Cum
404 2771 537 2836 stabulis
560 2775 705 2837 armenta
726 2772 834 2838 trabit.
878 2772 951 2837 Vidi
972 2773 1040 2854 ipse
1062 2770 1223 2837 furentem

216 2856 280 2921 1100
302 2854 407 2920 Caede
429 2856 674 2939 Neoptolemum
696 2857 903 2940 geminosque
924 2858 957 2922 in
979 2857 1088 2921 limine
1111 2858 1255 2938 Atridas3

300 2940 374 3007 Vidi
397 2940 562 3007 Hecubam
586 2947 776 3025 centumque
797 2961 910 3023 nurus,
925 2942 1158 3026 ,Priamumque
1179 2961 1238 3025 per
1260 2962 1328 3011 aras

234 3079 240 3090 .
303 3024 464 3107 Sanguine
486 3026 684 3107 foedantem,
707 3046 786 3109 quos
809 3029 876 3110 ipse
899 3032 1096 3107 sacraverat,
1118 3027 1209 3111 ignis.

303 3110 539 3194 Quinquaginta
560 3112 607 3177 illi
630 3112 774 3190 thalami,
797 3132 870 3194 spes
893 3118 984 3179 tanta
1005 3117 1167 3200 nepotum,

180 3205 188 3226 “
302 3196 475 3262 Barbarico
498 3203 606 3281 postes
628 3217 705 3263 auro
729 3197 901 3280 spoliisque
924 3198 1062 3282 superbi,

217 3281 280 3357 900
302 3281 521 3363 Procubuere;
543 3286 656 3350 tenent
677 3282 795 3362 Danai,
817 3302 881 3364 qua
903 3282 1011 3350 deficit
1031 3284 1121 3365 ignis.

217 3414 275 3473 491.
292 3416 351 3472 499.
369 3419 439 3471 llum.
457 3418 486 3470 11.
504 3416 546 3483 29,
566 3416 599 3471 93
611 3432 677 3487 sqq.;
696 3421 793 3471 notabis
811 3420 884 3470 ctiam
903 3421 1026 3472 contrario
1045 3424 1087 3483 „e'n
1105 3420 1387 3471 lamentarer

217 3494 241 3538 et
259 3487 384 3606 ,ἂβῆςίᾰα
403 3490 497 3539 bruma
564 3486 600 3538 ad
616 3485 734 3559 roderet}
773 3484 832 3539 477.
854 3491 983 3554 Armiger
1004 3488 1103 3557 Pyrrhi.
1128 3517 1161 3525 -
1187 3487 1321 3558 Scyrus,
1344 3502 1387 3539 unr

217 3570 247 3605 ex
282 3556 421 3623 paladibus,
439 3557 502 3607 uode
514 3557 596 3623 copias
609 3556 750 3607 adduxerat
760 3556 881 3625 Pyrrhus,
899 3557 930 3606 ab
949 3572 996 3607 avo
1008 3556 1148 3625 Lyconredc
1165 3554 1303 3625 acceptas!
1335 3552 1388 3607 479.

216 3624 281 3692 Ipse,
301 3623 332 3674 ct.
349 3640 388 3675 vs.
407 3623 480 3694 469..
514 3622 573 3676 490.
591 3624 744 3689 Praesentia,
761 3628 906 3693 pernampu
922 3630 948 3675 et
964 3625 1046 3689 vellit,
1068 3626 1176 3676 indicant
1200 3640 1251 3675 roan
1270 3632 1387 3692 coeptum

216 3706 272 3741 uam
291 3706 329 3743 vs.
345 3688 397 3743 493
415 3693 511 3743 demum
530 3694 603 3744 emoti
621 3692 719 3743 cardine
736 3694 898 3759 procumbunt
915 3689 1021 3761 postes!
1063 3690 1122 3744 481.
1141 3696 1229 3757 trabe,
1247 3693 1348 3758 arbore,
1364 3698 1388 3741 ut

217 3756 241 3822 9,
259 3756 301 3822 87,
327 3761 461 3826 propinqua
483 3762 576 3812 scilieet
600 3762 695 3825 rugiam
723 3776 801 3827 eaque
825 3778 872 3827 pro
892 3763 970 3813 ariete
996 3763 1087 3825 utitur,
1114 3760 1144 3811 ci.
1166 3776 1205 3811 ve.
1223 3757 1297 3828 4921
1335 3758 1388 3812 481.

216 3828 351 3891 meretur,
369 3835 469 3879 resonat
486 3830 563 3881 mixto
581 3844 611 3880 ec
628 3828 697 3879 vario
716 3828 861 3881 feminarum
880 3831 979 3893 gemitu.
992 3858 1024 3867 -
1038 3845 1116 3880 carae
1133 3831 1211 3881 aedes
1229 3823 1389 3894 ceramium}

215 3892 600 4017 490.cr.vu.1u.2,168.18
621 3894 680 3948 494.
705 3914 789 3965 rump.
808 3897 864 3960 ad,
888 3904 915 3947 ut
939 3898 1025 3949 Livius
1051 3895 1079 3957 2,
1103 3894 1138 3948 50
1166 3913 1280 3965 „rupere
1303 3901 1389 3959 viam,

216 3964 327 4015 trachea
345 3964 401 4013 ricla
419 3966 514 4033 Batai
548 3963 608 4016 49.
634 3964 729 4017 Fertur
754 3964 869 4030 muna,
892 3979 917 4014 v.
940 3966 969 4027 1,
993 3962 1067 4034 1054
1100 3963 1159 4018 499.
1179 3966 1255 4029 Vidi,
1280 3968 1312 4019 de
1328 3972 1389 4017 tecta

217 4029 359 4150 eciliicctqffl
367 4027 425 4081 501.
449 4034 623 4152 afflgqnagiuta
644 4042 716 4084 erant
737 4033 842 4083 tiliorum
863 4048 956 4083 uxores
981 4051 1001 4084 s.
1019 4051 1109 4100 nurus,
1133 4036 1164 4085 ad
1187 4049 1250 4101 quas
1276 4036 1389 4087 accedunt

216 4100 263 4151 toti
279 4116 318 4152 eru
361 4100 407 4149 iac.

216 4168 307 4221 Ennius
326 4183 340 4219 a
359 4095 614 4234 cie.¹nirp.unscu1.
634 4169 656 4230 1,
675 4164 709 4219 35
727 4169 793 4221 laud.
832 4168 872 4218 Sic
893 4168 970 4222 Persa
988 4170 1079 4223 Persas
1097 4172 1161 4237 apud
1179 4171 1338 4240 Aeschylum,
1358 4171 1390 4220 sir

216 4237 321 4291 Plautus
347 4236 468 4291 Romanos
496 4243 571 4287 vocat
596 4235 726 4287 barbaros.
758 4263 793 4273 -
822 4237 881 4302 spol.
909 4254 978 4303 rap,
1007 4255 1039 4289 cu
1065 4255 1133 4289 marc
1158 4239 1283 4303 Romana,
1309 4240 1341 4289 ci.
1367 4234 1389 4297 7,

217 4303 289 4369 lss3d
322 4301 381 4359 505.
402 4303 499 4363 Teneat
516 4306 557 4370 1),
575 4321 597 4373 q.
616 4305 640 4357 d.
659 4308 685 4367 r'.,
704 4313 885 4371 occupaverunt
904 4306 965 4371 luca,
983 4309 1015 4359 ad
1034 4323 1098 4373 quac
1114 4309 1178 4373 iguis
1196 4325 1242 4359 non
1259 4302 1390 4373 pervasit!

406 4679 785 4943 Τ,

507 4137 513 4152 .
532 4102 678 4165 barbarico,
696 4102 817 4168 Phrygi03
840 4100 949 4152 similiter
967 4103 1102 4169 loquentem
1121 4101 1181 4153 facit
1197 4103 1387 4155 Andromacham
