2942 4975
176 426 180 443 Ι
212 304 309 393 544*
581 326 615 391 5.
637 324 803 391 meent
819 323 1016 390 -nrsnoms

298 512 333 578 Si
355 530 455 595 genus
476 512 650 578 humanum
673 516 706 577 et
725 511 875 577 mortalia
894 511 1040 577 temnitis
1062 530 1160 589 arms,
1228 512 1232 516 ’
1309 520 1316 571 t

298 600 343 674 At
364 603 492 680 sperate
514 599 591 663 deos
614 614 773 663 memores
794 595 883 662 sandi
903 601 1001 677 atque
1023 595 1162 661 nefandi

167 708 170 733 ¹
223 726 225 751 .
298 685 366 748 Rex
389 687 460 749 erat
480 684 606 748 Aeneas
627 682 732 761 nobis,
755 691 818 763 quo
839 682 955 746 iustior
975 682 1060 747 alter

212 768 277 835 545
298 769 367 833 Nec
388 768 510 850 pietate
531 767 604 846 1511,
628 784 687 833 555
710 767 795 832 bello
817 766 919 831 maior
941 771 975 831 et
996 766 1100 831 armis

300 854 401 932 Quem
423 854 450 917 si
472 852 540 919 iata
560 853 664 917 virum
686 855 828 930 serrant,
853 852 882 916 si
901 851 1042 917 vescitur
1063 868 1141 918 aura

299 938 466 1018 Aetheria,
488 948 593 1019 neque
613 937 718 1003 adhuc
741 936 922 1002 crudelibus
945 937 1081 1012 occubat
1101 937 1232 1016 umbris,

220 1069 225 1077 -
299 1025 372 1089 Non
394 1029 514 1103 metus,
535 1021 641 1088 officio
664 1042 704 1087 ne
726 1026 761 1087 te
782 1027 924 1087 certasse
947 1021 1087 1103 priorem

299 1108 476 1174 Paeniteat.
520 1106 604 1175 Sunt
625 1111 659 1171 et
680 1106 796 1173 Siculis
818 1107 1001 1189 regionibus
1022 1107 1120 1172 urbes

212 1194 277 1261 550
299 1194 447 1274 Arvaque
466 1194 672 1275 Troianoque
693 1213 714 1259 a
735 1193 889 1273 sanguine
913 1193 1018 1257 clarus
1040 1194 1182 1257 Acestes.

302 1279 490 1355 Quassatam
512 1279 615 1343 ventis
637 1278 734 1344 liceat
754 1278 934 1343 subducere
957 1278 1091 1343 classem

299 1363 344 1428 Et
364 1363 452 1428 silvis
473 1369 587 1445 aptare
608 1364 716 1429 trabes
739 1368 774 1428 et
794 1363 954 1445 stringere
975 1378 1090 1441 remos,

205 1484 227 1506 ..
300 1448 613 1528 51551551151155,
637 1449 730 1515 sociis
754 1453 885 1530 etrege
906 1452 1047 1530 recepto,

186 1560 190 1571 ·
301 1534 462 1615 Tendere,
484 1538 522 1598 ut
542 1534 669 1599 Italiam
691 1534 769 1599 laeti
790 1532 981 1615 Latiumque
1003 1538 1159 1615 petamus,

214 1618 279 1685 555
301 1616 357 1683 Sin
379 1620 549 1701 absumpta
570 1620 670 1699 salus,
694 1624 727 1683 et
749 1624 796 1697 te,
819 1624 913 1700 pater
935 1623 1066 1701 optume
1088 1618 1260 1696 Teucrum,

302 1705 424 1769 Pontus
446 1705 544 1769 habet
565 1704 696 1786 Libyae,
719 1722 779 1769 neo
800 1707 875 1785 spes
896 1704 961 1769 iam
980 1707 1084 1770 restat
1104 1702 1175 1781 Iuli,

302 1790 346 1853 At
367 1787 451 1854 freta
473 1788 617 1854 Sicaniae
640 1788 756 1855 saltem
777 1789 936 1871 sedesque
958 1794 1096 1871 paratas,

302 1874 396 1939 Unde
417 1875 480 1938 huo
502 1874 641 1953 advecti,
662 1892 836 1955 regemque
857 1880 1013 1956 petamus.
1026 1875 1177 1940 Acesten.

303 1958 433 2024 Talibus
454 1958 606 2038 ilionaus;
632 1960 739 2025 cuncti
760 1960 855 2024 simul
878 1978 934 2025 ore
955 1959 1136 2025 fremebant

215 2042 281 2108 560
301 2044 513 2110 Dardanidae.
868 2070 873 2083 ¹

125 2174 128 2179 -
386 2129 467 2194 Tum
488 2129 630 2195 breviter
651 2129 749 2209 Dido,
771 2131 893 2194 voltum
915 2130 1065 2209 demissa,
1084 2126 1249 2210 profatur:

304 2212 424 2279 Solvite
447 2216 699 2294 cordemetum,
723 2214 851 2295 Teucri,
873 2215 1031 2281 secludite
1054 2231 1154 2279 curas

303 2300 367 2364 Res
391 2300 471 2365 dura
488 2304 527 2365 et
548 2300 640 2382 regni
662 2300 787 2366 novitas
808 2319 860 2366 me
882 2300 961 2366 talia
983 2304 1103 2382 cogunt

302 2384 410 2449 Moliri
432 2390 466 2450 et
487 2386 556 2459 late,
575 2384 647 2451 finis
670 2386 807 2451 custode
826 2386 919 2451 tueri.

217 2468 282 2536 565
305 2470 382 2548 Quis
404 2490 505 2554 genus
527 2472 725 2550 Aeneadum,
756 2471 827 2552 quis
849 2471 964 2538 Troiae
986 2470 1111 2536 neseiat
1131 2468 1245 2536 urbem

303 2557 512 2638 virtutesque
534 2558 694 2638 virosque,
717 2562 774 2622 aut
795 2558 878 2623 tanti
899 2557 1049 2622 incendia
1069 2555 1165 2647 1551111

304 2641 378 2706 Non
400 2641 538 2708 obtunsa
559 2643 639 2707 adeo
663 2646 825 2723 gestamus
846 2647 979 2725 pectora
1000 2641 1109 2721 Poeni,

219 2849 295 2918 2911
329 2848 388 2904 543.
407 2859 523 2921 51555515,
540 2855 619 2904 155155
637 2855 741 2905 verbum
760 2871 804 2922 pro
822 2856 940 2920 graviore
956 2857 1078 2913 metuite·
1096 2852 1209 2904 similiter
1227 2867 1338 2918 sperare
1353 2851 1401 2902 do-

218 2919 299 2970 lorem
315 2915 340 2984 4,
358 2918 417 2972 419.
441 2918 659 2988 5151511,215.1
692 2920 753 2973 544,
775 2927 869 2975 iustior·
884 2926 993 2990 pietate:
1017 2928 1117 2973 veteres
1142 2923 1262 2988 pictatem
1285 2922 1311 2970 15
1330 2927 1402 2988 purte

220 2989 331 3038 iustitiae
348 2991 482 3055 ponebant3
502 2991 552 3042 Cic.
571 2992 602 3041 de
620 2991 652 3044 N.
666 2992 695 3042 u.
709 2991 732 3056 1,
746 2991 780 3043 41
797 3000 853 3055 „est
870 2994 934 3059 onim
951 2993 1031 3058 pietas
1048 2992 1144 3042 iustitia
1161 2992 1298 3040 advorsum
1315 2989 1401 3039 deos.“

219 3056 322 3106 Servius
346 3058 442 3124 „pietas
460 3074 518 3124 pars
536 3060 647 3112 iustitiae
664 3061 728 3111 est.“
764 3061 814 3112 Alii
836 3077 884 3111 non
908 3067 966 3126 post
983 3060 1047 3126 suit
1067 3059 1253 3125 inter-pungunt,
1277 3058 1323 3108 sed
1344 3062 1402 3123 post

221 3124 297 3187 altor,
315 3131 343 3174 ut
354 3141 368 3176 5
380 3127 496 3178 subiectis
509 3135 642 3178 revocetur
654 3129 778 3194 particula
790 3145 849 3180 noc:
867 3145 914 3194 quo
933 3145 988 3179 aco
1005 3129 1095 3178 iustior
1113 3125 1186 3178 alter.
1200 3125 1293 3192 Eorip.
1306 3125 1400 3176 Troad.

220 3187 272 3244 481
290 3186 358 3253 „ciis
377 3187 490 3261 Τρῳὰς,
509 3188 574 3246 οὔθ’
593 3190 729 3257 Ἑλληνὶς,
750 3192 818 3247 οὐδὲ
835 3189 927 3267 triopa
946 3213 976 3252 ος
993 3190 1065 3262 γυνὴ
1082 3193 1203 3245 τεκοῦσα
1221 3185 1401 3261 κομπάσειεν

219 3253 256 3310 ἅν
275 3267 374 3321 morast
397 3263 413 3312 i.
432 3279 453 3314 e.
471 3257 520 3320 οὓς
538 3257 619 3314 οὔτε
637 3256 744 3333 Τρῳάς.
779 3212 946 3328 1551556699
964 3264 1050 3330 „Quas
1067 3280 1114 3328 ego
1131 3270 1157 3314 te
1174 3261 1248 3330 (per)
1267 3268 1401 3324 15555551

221 3335 774 3400 155555555555555555555,4551151551
799 3334 862 3384 adde
880 3333 905 3395 2,
924 3330 983 3385 654.
1004 3332 1030 3395 5,
1047 3329 1107 3384 512.
1131 3329 1156 3395 6,
1172 3328 1232 3383 416.
1254 3327 1358 3394 8143.
1378 3327 1400 3390 t,

221 3395 285 3461 296;
303 3407 355 3450 tum
369 3396 409 3462 11,
422 3397 473 3450 174
492 3398 561 3468 ,(51)
579 3401 654 3452 Esset
671 3417 717 3467 per
735 3409 807 3453 aetas
825 3401 961 3469 (Pallanti)
979 3402 1087 3452 elidem
1105 3404 1136 3450 aa·
1151 3400 1230 3450 robur
1247 3393 1401 3464 51555515.“1

219 3461 281 3518 546.
299 3477 362 3518 roso.
380 3483 453 3520 aura
471 3471 548 3535 55115,
566 3471 621 3520 1555
639 3471 749 3534 caelesti,
766 3470 797 3520 51.
816 3468 858 3534 10,
874 3467 934 3522 898.
959 3470 1025 3521 stat.
1044 3469 1122 3520 Theb.
1141 3468 1165 3532 1,
1182 3464 1234 3521 237
1259 3468 1291 3518 de
1308 3467 1399 3532 Oedipo

222 3549 306 3586 caeco:
332 3552 393 3600 „uec
416 3537 464 3588 iam
489 3539 593 3604 emplius
619 3540 744 3591 aethere
766 3545 853 3590 nostro
870 3540 1035 3590 vescitur.“
1070 3536 1226 3589 Vocabulum
1244 3551 1319 3588 aura
1335 3535 1399 3601 apud

222 3601 354 3666 Virgilium
379 3606 502 3668 significat
524 3607 647 3658 interdum
671 3607 755 3658 radios
780 3607 899 3673 quosdam
917 3607 1091 3658 tralucente
1107 3606 1149 3656 vel
1167 3605 1311 3672 splendente
1328 3604 1401 3670 (auri

222 3684 294 3721 aura
312 3669 337 3736 6,
348 3669 411 3738 204)
429 3681 547 3726 exeuntes
562 3690 709 3740 sensumque
720 3676 820 3726 ridendi
832 3671 972 3742 1551551551
1006 3672 1065 3725 547.
1083 3689 1134 3724 occ.
1145 3674 1254 3734 umbris,
1273 3673 1300 3722 ri
1311 3672 1399 3722 055155

223 3745 544 3862 1111511111...ἲῖ
554 3741 808 3863 6111311ῗέ16
824 3741 1296 3877 15111611551116151
1314 3740 1397 3860 lt:

223 3843 349 3936 cognaias’
361 3847 428 3942 5516,
439 3877 554 3930 Troianis
572 3887 598 3932 et
615 3881 720 3944 amicas,
745 3881 771 3930 id
792 3882 858 3945 qood
880 3882 994 3946 proximo
1011 3895 1086 3930 vorsu
1108 3879 1246 3940 indicatum
1316 3879 1349 3927 ire
1364 3843 1400 3926 551

224 3955 255 3992 55
273 3957 314 3993 555
332 3943 451 3995 historiae
468 3949 629 3999 monumentis
646 3954 749 4000 testata
767 3975 801 3984 -
823 3949 859 3998 115
876 3954 971 4000 Acesta
992 3947 1023 3999 51.
1041 3945 1066 4010 5,
1083 3943 1142 4018 381
1175 3942 1236 3998 tul.
1257 3885 1328 4009 vag,
1347 3939 1400 4009 Tb!

224 4081 323 4144 string.
342 4095 377 4143 r.,
395 4079 425 4130 51.
444 4078 469 4145 4,
487 4079 546 4136 399.
571 4085 641 4134 Hom.
660 4084 707 4134 Od.
744 4081 820 4148 ,269
838 4076 1050 4143 ,ἀποξύνουσιν
1067 4074 1213 4151 1555156511
1248 4078 1309 4134 559.
1327 4098 1352 4133 v.
1363 4094 1398 4129 rs.

222 4005 284 4060 552.
308 4028 330 4060 s.
354 4017 406 4079 apt.
430 4019 476 4077 tm,
499 4031 586 4067 caesos
609 4017 633 4066 in
657 4017 714 4067 silvi
749 4017 852 4066 arbores
876 4019 908 4067 ed
931 4032 1003 4068 usum
1026 4016 1126 4066 narium
1148 4014 1346 4065 accommodare.
1368 4037 1399 4050 ··

226 4143 285 4198 310.
297 4175 332 4184 -
351 4149 448 4199 llomer.
466 4143 556 4209 ,Ἔνθ’
571 4145 651 4201 ἄλλοι
662 4033 744 4219 pt}

737 4143 842 4207 πάντες
859 4146 1069 4221 ἐπευφήμησαν
1081 4147 1232 4219 Ἀχαιοί.“1
1267 4149 1328 4203 561.
1346 4147 1399 4200 volt.

226 4217 350 4280 (15551555,
369 4216 480 4268 Donatus
498 4235 562 4282 „non
577 4220 656 4270 solnm
668 4227 770 4286 propter
782 4220 908 4272 femineam
919 4222 1099 4285 verecundiam,
1117 4234 1204 4270 rerum
1215 4219 1291 4268 etiem
1302 4223 1400 4286 proptor

224 4283 322 4336 obieeta
339 4301 378 4336 vs.
396 4281 557 4355 539741.“t
591 4285 650 4340 563.
669 4287 721 4340 Boe
739 4289 816 4353 duro,
833 4305 858 4340 v.
876 4306 916 4341 vs.
933 4287 1009 4358 2911
1040 4286 1101 4341 eet.
1120 4291 1172 4340 obt.
1190 4287 1283 4348 adeo,
1300 4295 1330 4338 ut
1345 4283 1400 4336 511511

226 4368 340 4408 curemus
351 4349 436 4426 151151
471 4351 530 4409 568.
546 4373 595 4408 non
612 4363 664 4410 tam
681 4358 754 4424 longe
771 4374 788 4409 a
804 4374 879 4410 55555
896 4360 957 4414 solis
974 4360 1071 4422 55556,
1087 4373 1132 4408 nee
1146 4357 1307 4409 5155555155
1319 4361 1398 4423 pam
