2942 4975
225 332 291 397 430
596 331 631 394 P.
651 329 817 395 VIRGILI
838 329 1028 396 MARONIS

313 519 482 602 stipitibus
503 517 625 583 ierrurn
646 517 841 599 sudibusque
862 515 1031 582 imitantur
1052 515 1174 581 obustis

226 605 291 672 895
313 605 521 686 Praecipites,
543 603 729 686 primaeque
751 602 832 667 mori
852 621 911 684 pro
933 601 1100 666 moenibus
1123 602 1245 668 ardent

395 691 524 754 Interea
545 689 689 753 Turnum
710 688 744 753 in
766 688 853 752 silvis
875 687 1077 752 saevissimus
1098 687 1201 768 inplet

313 775 453 840 Nuntius
475 779 510 839 et
529 775 637 839 iuveni
657 774 822 855 ingentem
843 772 909 837 lert
931 773 1017 838 Acca
1038 773 1224 836 tumultum:

313 860 446 925 Deletas
467 861 655 924 Volscorum
677 859 775 935 acies
799 858 951 922 cecidisse
973 855 1147 936 Camillam,

313 947 469 1028 ingruere
489 943 631 1009 infensos
653 944 768 1023 hostiS,
791 947 824 1008 et
846 943 950 1009 Marte
973 944 1112 1008 secundo

200 1083 203 1087 ,
228 1030 293 1095 900
315 1030 432 1096 Omnia
453 1030 658 1112 corripuisse,
680 1033 801 1093 metum
822 1029 885 1094 iarn
909 1029 948 1092 ad
971 1028 1097 1092 moenia
1118 1025 1204 1092 ferri.

294 1117 375 1181 ille
397 1115 507 1180 inrens
527 1151 571 1161 -
593 1119 627 1180 et
646 1133 744 1179 saeva
765 1114 849 1178 Iovis
871 1115 916 1179 sic
936 1114 1068 1180 numina
1087 1117 1225 1195 poscunt
1241 1147 1291 1185 ,-

314 1202 444 1266 Deserit
465 1200 612 1266 obsessos
635 1200 738 1279 cellia,
760 1217 893 1264 nemora
914 1217 1029 1280 aspera
1049 1198 1174 1280 linquit.

314 1287 377 1351 Vix
399 1306 417 1351 e
440 1291 612 1368 conspectu
634 1285 756 1350 exierat
778 1303 988 1366 campumque
1009 1285 1150 1363 tenebat,

317 1371 396 1436 Cum
417 1377 512 1455 pater
532 1373 670 1449 Aeneas,
692 1371 794 1435 saltus
814 1371 978 1452 ingressus
1000 1373 1137 1450 apertos,

230 1454 294 1522 905
315 1457 559 1539 Exsuperatque
580 1458 691 1538 iugum
713 1457 855 1537 silvaque
879 1455 985 1520 evadit
1006 1473 1113 1536 opaea.

317 1541 370 1607 Sic
392 1543 484 1608 ambo
507 1543 548 1607 ad
569 1560 678 1606 muros
701 1541 803 1623 rapidi
824 1545 958 1622 totoque
980 1538 1128 1610 feruutur

317 1627 467 1709 Agmine,
489 1647 548 1693 uec
571 1627 674 1709 longis
695 1628 782 1691 inter
803 1644 838 1690 se
860 1625 1004 1708 passibus
1028 1625 1153 1704 absunt,

317 1713 365 1777 Ac
387 1713 482 1777 simul
503 1714 628 1778 Aeneas
649 1711 803 1777 fumantis
825 1713 957 1792 pulvere
980 1729 1107 1808 campos

317 1798 487 1880 Prospexit
507 1798 603 1880 longe
624 1797 862 1878 Laurentiaque
884 1796 1011 1878 agmina
1031 1795 1119 1874 vidit,

109 1889 118 1910 ‘
232 1879 297 1946 910
316 1883 361 1947 Et
382 1902 512 1948 saevum
534 1885 667 1948 Aenean
688 1882 841 1964 adgnovit
863 1881 989 1946 Turnus
1009 1881 1044 1945 in
1066 1879 1161 1945 armis

318 1968 565 2049 Adventumque
585 1969 704 2049 pedum
725 1967 884 2049 flatusque
906 1967 1027 2032 audivit
1050 1984 1211 2048 equorum.

318 2052 543 2135 Continuoque
563 2053 674 2118 ineant
695 2071 818 2135 pugnas
841 2057 875 2117 et
895 2052 1017 2134 proelia
1038 2055 1206 2132 temptent,

319 2139 361 2202 Ni
381 2157 493 2204 roseus
515 2139 617 2204 fessos
638 2139 701 2203 iam
724 2138 851 2220 gurgite
873 2136 1021 2202 Phoebus
1043 2137 1164 2201 Hibero

320 2224 460 2307 Tinguat
482 2243 581 2307 equos
602 2229 794 2305 noctemque
817 2223 868 2288 die
889 2222 1019 2287 labente
1040 2222 1182 2286 reducat
1463 2255 1464 2286 r

158 2352 162 2360 ·
234 2306 298 2373 915
320 2309 498 2375 Considunt
519 2310 632 2376 eastris
654 2314 730 2374 ante
752 2308 864 2373 urbem
887 2311 921 2372 et
941 2307 1068 2372 moenia
1089 2307 1219 2372 vallant.

234 2531 250 2583 i.
269 2548 292 2583 e.
310 2548 342 2584 cx
360 2534 450 2583 robore
468 2534 493 2583 d.
542 2528 601 2585 895.
623 2548 671 2598 pro
693 2549 789 2596 mecm,
814 2532 829 2581 i.
853 2547 875 2583 e.
898 2532 923 2581 in
945 2531 1072 2582 moenibus
1094 2530 1218 2580 obversae
1236 2528 1365 2591 hostibus3
1387 2542 1409 2576 v.

235 2596 261 2663 9,
278 2598 367 2669 57511
406 2597 491 2653 896-
511 2596 551 2652 15.
578 2598 798 2651 l'urnuseudita
821 2600 898 2650 caede
921 2599 1045 2664 ucsugu
1068 2614 1180 2649 suorum
1203 2598 1410 2658 darentiacum,
1463 2622 1464 2667 1

235 2683 310 2733 quem
332 2669 473 2720 incdcrat
508 2668 632 2736 Sequitur
648 2673 751 2720 Aeaeus
773 2683 854 2735 parco
878 2667 1021 2717 interuallo.
1055 2666 1107 2718 Sed
1128 2670 1257 2731 agnam
1282 2682 1339 2717 noc
1356 2680 1410 2715 cum
1463 2676 1464 2745 1

235 2736 345 2800 dq'ffmc
359 2737 473 2805 pueliam
490 2739 619 2800 suadeat,
644 2743 736 2787 castra
758 2739 862 2802 utrque
885 2736 1007 2786 coldrcunt
1026 2741 1087 2786 arete
1104 2730 1217 2801 urbm!
1251 2731 1313 2785 896.
1335 2732 1409 2785 Tura.
1463 2760 1464 2799 1

236 2805 332 2871 apter,
351 2807 458 2857 animum
477 2807 552 2856 Turni
569 2813 650 2855 toturn
667 2802 796 2875 occupat}
829 2801 889 2855 897.
901 2804 971 2870 sert.
989 2808 1068 2867 tum,
1091 2818 1143 2853 rem
1161 2803 1273 2866 nuntiat,
1293 2818 1342 2868 qun
1358 2809 1410 2852 tur·

236 2872 313 2923 betur
336 2875 390 2925 είιιε
414 2870 533 2925 animus!
566 2870 618 2924 899
636 2888 672 2937 sq.
700 2874 732 2923 Μ.
751 2890 773 2922 ε.
797 2875 885 2923 omniu
908 2886 989 2935 eorm,
1015 2886 1108 2922 omnem
1133 2885 1244 2937 campnrn
1269 2870 1409 2921 victricibus

236 2943 314 2991 armis
330 2948 439 2997 teneret
474 2936 746 3004 901.fl0m.11.1‚5
768 2930 899 3001 „Acdrd'
920 2938 1054 2990 ἐτελείετο
1072 2928 1186 3005 βουλή,“
1209 2954 1240 2989 ne
1264 2940 1361 2990 scilieet
1376 2940 1410 2988 in·
1463 2948 1464 2963 ¹

233 3009 308 3060 sidiis
326 3008 406 3061 Turni
423 3013 521 3061 Aeneas
539 3010 643 3078 opprimi
660 3006 770 3077 posset!
804 3006 862 3062 903.
881 3026 894 3059 a
913 3014 1047 3074 conspectu
1064 3009 1169 3070 abeunt,
1193 3008 1234 3073 qui
1256 3007 1308 3057 iarn
1331 3022 1361 3059 cx
1384 3022 1409 3056 eo
1463 3016 1464 3023 ¹

232 3077 299 3142 loeo,
317 3079 361 3129 nbi
380 3085 438 3128 unte
454 3077 562 3142 lucrant,
579 3079 687 3144 conspici
704 3084 842 3143 nequeunt3
862 3076 885 3141 1,
897 3073 931 3127 34
948 3078 1015 3140 „Vix
1028 3081 1042 3127 e
1055 3084 1188 3144 conspectu
1199 3075 1300 3126 Siculae
1317 3075 1410 3127 telluris
1463 3080 1464 3143 1

232 3146 262 3198 sn
280 3147 358 3198 ultum
375 3146 441 3198 Vela
458 3146 593 3208 dulaut.“l
627 3144 686 3199 904.
705 3151 808 3213 apertos
826 3147 896 3197 abitu
914 3142 1015 3215 Turni}
1050 3142 1109 3196 907.
1127 3146 1224 3210 longo,
1242 3160 1266 3194 v.
1288 3143 1330 3208 10,
1341 3140 1410 3211 5491
1463 3146 1464 3211 i

231 3210 296 3267 910.
315 3216 365 3281 „itt
382 3216 480 3266 simul
497 3216 624 3280 agnovit‚“
640 3231 667 3267 v.
685 3231 722 3267 vs.
739 3211 799 3268 864.
817 3214 939 3279 —Iunge
956 3217 1064 3265 Aenean
1081 3216 1110 3265 ia
1128 3216 1221 3279 amnas,
1238 3227 1263 3261 v.
1283 3209 1311 3277 5,
1322 3209 1379 3265 440.
1463 3242 1464 3261 v
