2942 4975
209 354 309 395 XXVIII

209 525 339 597 luniiqne
360 519 572 597 Philargyri*),
598 520 699 595 quibus
721 520 859 580 Bucolica
879 525 909 579 et
930 519 1073 595 Georgica
1099 526 1283 595 enarrantur,
1310 522 1392 581 lace·

209 626 312 682 resque
339 625 374 667 ac
400 609 523 666 minutas
545 606 645 681 Aspri,
676 604 795 665 Cornuti
817 606 994 679 aliorumque
1015 606 1151 678 reliquias
1172 606 1210 664 ab
1230 606 1267 664 A.
1289 606 1393 667 Maio
1457 655 1458 660 ,

209 695 327 754 Mediol.
352 696 435 754 1818
458 694 562 764 editas,
590 694 653 751 sola
675 696 796 763 restant,
824 707 898 764 quae
918 696 1009 749 totum
1031 707 1105 763 opus
1127 691 1240 765 Virgilii
1262 695 1392 766 comple·

210 784 331 851 ctuntur,
353 779 559 839 commentaria
578 778 675 837 Mauri
697 776 813 835 Servii
835 776 991 848 Honorati,
1019 777 1067 851 qni
1088 775 1143 835 fnit
1164 778 1259 850 quarti
1280 780 1393 839 saeculi

101 852 105 867 '
209 866 420 940 grammaticus.
453 864 507 923 Hic
528 864 620 922 multa
642 862 766 921 servavit
787 862 826 920 ab
847 862 966 920 eruditis
987 862 1182 936 grammaticis
1203 864 1330 937 antiquis
1354 864 1393 923 ad

209 950 453 1023 interpretandum
476 949 628 1022 Virgilium
651 948 771 1017 colleta3
799 948 850 1006 sed
871 948 978 1020 media,
1007 963 1080 1020 qnae
1101 948 1218 1021 dicitur,
1240 954 1340 1008 aetate
1362 951 1393 1008 in

209 1035 296 1095 breve
325 1040 440 1095 coactns
469 1034 621 1106 multisque
649 1034 720 1092 locis
749 1033 940 1105 exquisitioris
975 1032 1123 1092 doctrinae
1151 1039 1255 1092 ornatu
1273 1034 1393 1109 'spolia
1458 1033 1459 1040 ’

209 1126 327 1180 tuaest.
416 1144 420 1161 ·

294 1206 436 1264 Rhetorcs
459 1204 563 1263 Graeci
584 1203 621 1262 ad
642 1203 814 1261 illustranda
834 1208 991 1275 praecepta
1011 1220 1064 1262 sua
1079 1202 1241 1261 Homericis
1260 1206 1394 1264 versibus

211 1291 331 1352 multum
357 1291 401 1348 usi
429 1295 506 1361 sunt,
535 1290 666 1349 similiter
688 1288 810 1347 Romani
832 1288 1006 1361 Virgilianis.
1050 1288 1094 1347 Ac
1114 1288 1248 1347 Donatus
1266 1290 1394 1363 quidem,

212 1378 338 1449 seposita
359 1374 421 1435 fere
442 1376 554 1448 reliqua
581 1374 776 1444 enarratione,
804 1373 961 1431 Aeneidem
983 1374 1025 1432 ita
1046 1374 1250 1447 interpretatus
1273 1381 1332 1449 est,
1362 1382 1394 1433 nt

213 1462 308 1521 onmia
335 1461 373 1519 ad
400 1461 603 1519 instituendum
631 1465 777 1519 oratorem
799 1459 949 1517 rettulerit.
994 1459 1040 1516 Ex
1060 1458 1143 1516 huius
1165 1476 1277 1532 quoque
1300 1478 1393 1535 opera

211 1548 378 1605 nonnullum
400 1546 524 1605 fructum
545 1546 583 1605 ad
600 1546 673 1603 hanc
688 1545 842 1603 editionem
856 1544 1032 1603 redundasse
1046 1545 1104 1602 suis
1118 1545 1189 1603 locis
1203 1546 1391 1619 intelligetur.

212 1632 252 1690 Et
273 1649 357 1705 quam
379 1632 456 1691 utilis
479 1632 517 1690 ad
538 1630 719 1689 formandam
742 1631 902 1689 orationem
922 1630 1037 1687 habitus
1058 1630 1097 1687 sit
1116 1630 1261 1704 Virgilius,
1283 1631 1395 1705 probat

213 1718 415 1790 Quintilianus,
442 1717 528 1775 homo
550 1717 727 1790 integerrimi
748 1716 859 1787 indicii,
887 1715 936 1787 qui
961 1715 1037 1773 inter
1058 1715 1212 1787 scriptores
1234 1716 1393 1788 Romanos,

212 1820 248 1861 ex
277 1801 378 1875 quibus
408 1804 539 1876 exempla
568 1802 748 1875 eloquentiae
775 1800 900 1875 petenda
927 1802 995 1873 siut,
1031 1800 1097 1858 hnic
1130 1804 1234 1873 poetae
1266 1804 1392 1875 primum

212 1889 305 1947 locum
322 1888 460 1945 attribuit.
493 1889 536 1947 Ac
557 1886 689 1960 profecto
709 1886 829 1959 insignis
849 1886 899 1943 ille
921 1890 965 1944 est
986 1891 1016 1943 et
1036 1886 1189 1944 verborum
1202 1888 1393 1961 proprietate,

213 1974 363 2047 elegantia,
386 1973 477 2046 copia,
501 1978 530 2031 et
552 1972 756 2031 sententiarum
778 1971 905 2043 veritate,
928 1971 1075 2044 vametate,
1096 1972 1250 2045 grautate3
1279 1974 1393 2047 pariter

212 2059 343 2133 egregins
364 2057 394 2115 iu
416 2059 538 2131 simplici
560 2062 645 2131 atque
667 2058 696 2114 in
719 2062 821 2115 omato
843 2072 946 2130 genere
968 2057 1121 2126 orationis3
1151 2056 1181 2114 in
1209 2056 1393 2117 declarandis

211 2160 279 2201 vero
308 2143 454 2202 affectibus
484 2144 570 2202 animi
597 2142 712 2200 humani
742 2142 801 2200 sive
826 2141 1017 2201 tenerioribus
1044 2142 1103 2200 sive
1131 2141 1392 2202 vehementioribus

212 2227 317 2287 artifex
338 2230 424 2303 plane
446 2230 569 2300 divinus3
593 2234 621 2287 et
641 2228 717 2301 quod
737 2227 809 2285 haec
831 2228 927 2286 omnia
948 2232 1065 2309 superat
1086 2227 1165 2303 (nam
1186 2227 1216 2284 in
1234 2244 1306 2286 vero
1328 2246 1393 2287 ors-

151 2356 154 2363 .
211 2320 274 2384 tore
297 2315 413 2388 plurimi
434 2312 571 2373 faciemus
592 2314 785 2387 integritatem
808 2311 921 2388 animi),
948 2314 991 2370 uti
1017 2328 1048 2371 se
1076 2313 1151 2371 omni
1172 2314 1242 2371 vitio
1269 2314 1394 2387 praebet

210 2401 444 2472 inimicissimum,
467 2402 507 2459 sic
528 2398 626 2459 virtmi
647 2400 724 2459 omni
745 2399 954 2458 amicissimum.
1044 2405 1048 2414 '

296 2487 438 2560 Denique,
467 2493 499 2546 ut
527 2488 613 2546 etiam
640 2484 688 2558 iis,
719 2487 767 2559 qni
788 2491 855 2558 post
875 2485 974 2543 literas
996 2484 1109 2543 saeculo
1131 2484 1201 2542 XIV
1222 2490 1342 2544 renatas
1364 2487 1393 2542 in
1462 2488 1463 2511 l

211 2573 387 2644 explicandis
402 2573 516 2646 Virgilii
536 2571 708 2630 carminibus
726 2571 834 2643 optime
849 2571 954 2628 versati
975 2575 1048 2643 sunt,
1071 2587 1136 2628 suns
1157 2569 1248 2628 honos
1270 2576 1392 2642 constet,

213 2656 291 2729 digni
320 2662 398 2729 sunt,
434 2658 482 2730 qui
511 2661 628 2729 praeter
655 2661 766 2714 ceteros
796 2660 1065 2726 commemorentur,
1094 2655 1207 2714 Cerdo
1235 2655 1392 2728 Hispanus,

212 2741 350 2800 Rueeus
373 2739 589 2814 Francogollus,
611 2746 672 2799 tum
693 2746 752 2799 tres
771 2739 907 2799 Germani
927 2740 1096 2812 Heyuius,
1119 2741 1266 2798 Vossius
1289 2758 1344 2815 ac,
1358 2742 1393 2800 de

212 2841 267 2898 quo
291 2843 378 2898 snpra
399 2827 577 2900 praedicavi,
600 2826 777 2897 Thielius,
801 2842 921 2898 quorum
942 2826 1088 2884 hominum
1110 2825 1223 2884 laudem
1245 2826 1320 2899 Vos,
1345 2828 1393 2900 qui

211 2911 283 2969 haec
304 2912 406 2985 legitis,
429 2913 584 2970 memoriae
605 2917 718 2970 vestrae
739 2912 824 2970 velim
847 2911 977 2970 habeatis
998 2911 1321 2970 commendatissimum!

279 3144 309 3212 ³⁸)
322 3145 389 3197 Idem
400 3147 422 3196 is
435 3153 482 3210 est,
494 3147 535 3212 qui
546 3146 649 3198 Iunilius
660 3145 788 3210 Flagrins,
799 3163 855 3198 cum
867 3146 989 3197 similibus
1001 3147 1100 3212 scriptis
1114 3162 1129 3196 a
1142 3146 1169 3197 C.
1182 3144 1227 3197 W.
1239 3145 1392 3198 Muellcro

212 3215 306 3265 Bernaa
329 3221 354 3264 et
371 3214 543 3281 Rndolpbipoli
562 3211 628 3265 1841
647 3231 699 3280 sqq.
723 3216 819 3277 editns;
849 3216 912 3265 adde
933 3215 1097 3278 Suringari
1120 3214 1252 3266 Historiam
1276 3215 1391 3266 criticam

212 3283 402 3334 scholiastarum
420 3283 531 3334 Latinor.
549 3280 786 3347 Lugd.Bat.1834.
805 3290 870 3348 part.
883 3282 914 3334 ll.
933 3299 988 3349 pag.
1002 3279 1054 3333 272
1066 3299 1118 3349 sqq.
1138 3290 1164 3333 et
1180 3298 1248 3333 mass
1273 3283 1304 3334 de
1321 3284 1392 3335 lunio

211 3351 362 3420 Philargyro
380 3353 594 3403 commentationes
613 3353 683 3415 duas,
701 3353 790 3402 Dresd.
810 3347 878 3402 1846
896 3347 1012 3402 ct1847.
