2942 4975
412 325 415 342 .
465 277 679 344 AENEIDOS
701 279 782 344 LIB.
804 278 857 343 IV.
1187 281 1249 348 217

159 465 280 530 Dicere
325 463 510 546 Suscipiunt
531 461 681 544 famulam
704 466 918 549 conlapsaque
939 466 1083 534 membra

159 551 337 616 Marmorea
359 548 506 616 referunt
527 549 668 616 thalamo
690 551 864 632 stratisque
886 558 1054 634 reponunt.
1112 525 1130 613 1
1241 601 1245 608 .

237 637 284 702 At
305 635 376 717 pius
399 635 538 714 Aeneas,
561 653 752 717 quamquam
774 636 876 702 lenire
898 637 1061 703 dolentem

151 719 408 810 ⁸Sclando'cupit
430 724 464 784 et
486 720 578 786 dictis
601 725 748 786 aremare
770 738 871 801 curas,

87 805 138 870 395
157 805 259 870 Multa
281 824 413 888 gemms
436 823 614 887 magnoque
637 805 777 870 animum
799 805 977 874 labefactus
999 826 1116 891 amore,

156 891 246 957 Iussa
268 896 377 956 tamen
400 891 505 956 divom
527 891 724 972 exsequitur,
747 892 947 976 classemque
967 893 1086 959 revisit

157 977 237 1040 Tum
259 995 337 1042 vero
361 976 476 1042 Teucri
498 976 686 1042 incumbunt
707 981 743 1041 et
763 977 859 1055 litore
880 978 982 1044 cobus

155 1061 329 1128 Deducunt
351 1066 420 1128 toto
443 1061 540 1128 naris.
583 1061 684 1128 Natat
706 1067 805 1128 uncta
826 1063 942 1142 carina,

155 1145 412 1229 Frondentisque
434 1145 543 1212 ferunt
565 1166 670 1214 remos
693 1152 726 1212 et
748 1149 865 1214 robora
886 1149 974 1214 silvis
1026 1178 1029 1184 <

84 1231 136 1294 400
155 1229 362 1312 Infabricata,
383 1231 478 1312 fugae
500 1233 615 1298 studio.

154 1317 325 1399 Migrantis
348 1335 473 1395 carnea,
497 1322 629 1400 totaque
652 1337 691 1382 ex
712 1319 793 1383 urbe
815 1318 946 1384 ruentia

153 1404 198 1468 Ac
220 1404 314 1468 velut
334 1403 500 1484 ingentem
521 1402 673 1469 formicae
695 1401 789 1468 farris
811 1423 960 1470 aceruum

155 1486 232 1552 Cum
255 1489 427 1571 populant,
449 1488 560 1554 hiemis
581 1507 752 1567 memores,
774 1494 926 1570 tactoque
947 1495 1122 1571 reponuut;

152 1574 183 1637 It
204 1574 335 1655 nigrum
357 1574 476 1656 campis
498 1591 626 1655 agmen,
647 1575 863 1656 praedamque
885 1593 943 1656 per
965 1575 1081 1641 herbas

82 1657 135 1721 405
154 1657 357 1724 Consectant
378 1660 459 1724 calle
481 1664 638 1740 angustos
653 1678 726 1741 pars
748 1661 884 1741 grandia
903 1661 1039 1726 trudunt

153 1743 298 1810 Obnixac
321 1743 482 1810 frumenta
504 1745 657 1824 humeris;
680 1763 756 1826 pars
778 1745 904 1827 agmina
927 1749 1046 1827 cogunt

153 1828 384 1912 Castigantque
407 1849 528 1910 moras;
550 1848 647 1911 opere
671 1830 773 1895 omnis
796 1831 911 1896 semita
932 1830 1046 1896 ferret.
1128 1863 1141 1895 ι
1212 1895 1218 1907 ,

153 1914 229 1992 Quis
255 1915 314 1980 tibi
336 1921 418 1994 tum,
440 1915 537 1994 Dido,
560 1916 704 1980 cernenti
727 1915 805 1982 talia
826 1917 979 2000 sensuri

157 1999 285 2077 Quosve
308 2001 406 2066 dabas
450 2001 580 2080 amitus,
603 2020 674 2066 cum
696 2001 794 2065 litora
814 2001 940 2066 fervere
961 2002 1028 2066 late
1141 2060 1145 2065 ,

79 2083 133 2148 410
153 2085 361 2168 Prospiceres
384 2021 458 2152 5165
481 2105 520 2152 ex
542 2103 677 2166 summa,
700 2091 868 2168 totumque
890 2088 1018 2152 videres

151 2170 282 2238 Misceri
305 2176 380 2238 ante
401 2171 511 2236 oculos
533 2172 632 2238 tantis
655 2172 847 2236 clamoribus
868 2173 1001 2253 aequori

151 2256 292 2338 Inprobe
314 2247 429 2336 Amor(
447 2256 524 2339 quid
546 2276 609 2322 non
631 2257 781 2322 mortalia
802 2262 935 2338 pectora
957 2257 1058 2338 cogis!

150 2342 201 2407 Ire
223 2343 346 2407 iterum
367 2343 401 2408 in
423 2343 583 2421 lacrimas,
604 2342 722 2407 iterum
744 2347 903 2424 temptare
924 2343 1085 2423 precando

151 2425 302 2511 Cogitur,
326 2432 359 2495 et
378 2429 514 2511 supplex
536 2428 657 2495 animos
679 2427 869 2493 submittere
890 2426 1009 2506 Amori,

76 2510 133 2575 415
150 2513 199 2579 Ne
221 2515 303 2597 quid
325 2514 527 2597 inexpertum
548 2514 669 2579 frustra
690 2514 848 2579 moritura
867 2513 1037 2595 relinquat

230 2602 342 2680 Anna,
364 2600 454 2666 vides
477 2604 546 2665 toto
569 2600 735 2682 properari
756 2600 873 2664 litore?
907 2599 1025 2665 circum

149 2684 303 2766 Undique
327 2702 522 2763 convenere3
545 2691 639 2751 vocat
660 2686 724 2751 iam
748 2685 899 2751 carbasus
920 2702 1024 2763 auras,

148 2770 317 2854 Puppibus
340 2776 374 2836 et
395 2772 473 2836 laeti
495 2776 613 2861 nautae
634 2771 805 2853 inposuere
828 2788 970 2837 coronas.
1100 2767 1103 2776 “

148 2856 245 2921 Hunc
271 2874 330 2937 ego
353 2856 380 2921 si
401 2856 492 2938 potui
515 2861 640 2923 tantum
662 2874 795 2939 sperare
816 2856 968 2934 dolorem,

74 2938 129 3003 420
147 2942 190 3006 Et
211 2940 375 3024 perferre,
398 2961 503 3021 soror,
525 2946 646 3024 potero.
690 2942 830 3009 Miserae
850 2942 912 3006 boo
934 2946 1043 3005 tamen
1065 2958 1164 3005 unum

148 3027 351 3108 Fnrsequere,
373 3028 480 3106 Anna,
502 3027 591 3107 mibi3
615 3026 715 3092 solam
738 3046 812 3091 nam
833 3025 975 3108 perfidus
996 3025 1052 3091 ille

147 3112 193 3177 Te
218 3111 341 3191 colere,
364 3132 497 3180 arcanos
521 3114 618 3177 etiam
641 3112 699 3177 tibi
721 3114 854 3178 credere
875 3130 1000 3190 sensum

42 3230 46 3241 ·
147 3197 225 3263 Sola
249 3197 310 3262 viri
332 3198 437 3263 mollis
460 3199 565 3263 aditus
588 3203 621 3262 et
643 3203 788 3279 tempora
809 3216 919 3263 noras:

72 3416 162 3469 Didonis
184 3436 213 3471 se
237 3421 369 3487 purgando
392 3418 536 3490 auguratu
571 3416 715 3473 393-473.
740 3418 840 3471 Relicta
861 3420 1026 3485 Karthagine
1047 3422 1156 3469 Aeuom
1180 3417 1248 3467 redit

70 3488 102 3537 ad
116 3488 236 3553 clarram,
259 3504 371 3554 cumque
387 3492 444 3539 iam
461 3492 487 3539 in
506 3505 534 3541 cc
551 3493 591 3539 est
610 3494 642 3539 ui
659 3488 743 3539 solvat
768 3504 803 3539 erc
818 3492 910 3555 partu,
934 3488 1013 3549 Dido,
1036 3488 1157 3537 ultimam
1177 3501 1248 3551 spera

72 3560 207 3623 apmiene,
225 3560 340 3609 Annam
359 3573 475 3609 acrorem
487 3560 577 3618 mittit,
596 3573 661 3623 quac
673 3558 769 3608 cultam
780 3557 933 3608 ditationem
949 3556 1068 3621 aliquam
1076 3554 1248 3621 profectibus&

71 3624 97 3673 ab
108 3628 195 3677 Acuca
210 3630 297 3693 petat.
327 3624 450 3677 Frustra.
483 3624 549 3677 Tum
568 3626 642 3683 bauo.
660 3628 742 3676 ctiam
759 3628 822 3675 uiris
840 3627 995 3689 tuendisque
1008 3624 1142 3688 horrificis
1159 3629 1249 3673 exter·

71 3694 126 3755 rita,
147 3695 267 3747 decrevit
283 3696 372 3759 niort!
407 3691 466 3745 399.
490 3710 515 3743 v.
540 3692 563 3756 1,
588 3690 639 3745 184
655 3699 679 3744 et
696 3692 773 3761 5591
807 3691 867 3744 400.
885 3693 954 3743 ubire
978 3691 1135 3755 festinantes,
1153 3692 1250 3757 fugae

70 3762 153 3826 stada,
171 3769 266 3828 petunt
283 3763 408 3813 materiem
427 3778 459 3813 ex
479 3763 558 3823 silvis,
576 3778 631 3812 cnm
644 3763 744 3813 navalia
756 3778 803 3811 non
816 3762 944 3824 baberent,
962 3762 1027 3811 unde
1040 3767 1165 3812 sumerent
1176 3776 1249 3827 prae-

70 3833 197 3900 percu-,1
234 3826 478 3899 402.v.1‚148.1
511 3828 572 3883 405.
591 3832 738 3891 trudunt,
761 3836 1008 3895 quucportacenon
1027 3825 1154 3896 poscunt!
1188 3825 1249 3879 407.

63 3896 151 3961 smel,
170 3899 397 3962 „conceleb1·atnr⁴‘
418 3900 454 3950 ait
470 3900 574 3950 Servius
593 3900 624 3949 ad
644 3897 668 3961 1,
685 3896 750 3960 4363
775 3898 925 3949 translatum
943 3899 989 3948 lroc
1006 3900 1111 3949 verbnm
1131 3898 1163 3949 ab
1182 3913 1249 3963 aqua

70 3964 187 4031 bulliente,
206 3982 275 4033 quae
293 3969 369 4018 omnis
387 3968 464 4019 multo
483 3976 551 4019 motu
569 3967 681 4031 agitatur
699 3967 855 4032 atqueinter
872 3968 1046 4030 admiscetur,
1064 3967 1105 4017 vel
1122 3968 1153 4019 od
1172 3981 1250 4032 opera

68 4035 161 4087 amulae
179 4037 283 4097 turbae,
301 4042 328 4085 ut
347 4035 376 4087 G.
394 4033 420 4099 4,
439 4032 489 4086 169
507 4043 532 4087 et
549 4035 581 4085 cl.
599 4035 623 4097 9,
642 4029 700 4098 693,
718 4037 758 4085 vel
776 4037 807 4086 cd
826 4034 906 4085 locum
924 4035 982 4087 talis
999 4037 1081 4102 operis
1098 4036 1203 4102 plenum,
1221 4042 1250 4085 ut

69 4102 109 4165 iic,
126 4120 163 4155 vs.
180 4101 246 4155 409.
265 4098 316 4155 567
334 4112 360 4155 et
375 4101 401 4167 8,
419 4100 492 4167 6771
514 4100 586 4158 .411.
604 4121 628 4155 v.
647 4103 672 4165 2,
684 4100 760 4171 4871
792 4100 852 4155 414.
870 4107 979 4167 amasos,
997 4106 1064 4155 altos
1082 4118 1112 4155 cc
1128 4104 1248 4169 superbos

67 4170 186 4241 spiritual
221 4170 283 4224 415.
302 4172 341 4223 Nc
353 4174 409 4239 quid
422 4174 502 4239 inexp.
522 4173 645 4238 relinqunt
656 4172 809 4238 frustraque,
827 4173 843 4222 i.
856 4188 877 4223 e.
890 4174 942 4223 sine
954 4174 1022 4223 iusta
1034 4171 1249 4236 commoriendi

67 4240 189 4291 consilium
208 4241 327 4308 ceperit-1
362 4239 421 4293 417.
440 4246 520 4303 rorat,
539 4247 669 4307 exspectat
687 4249 713 4291 et
728 4243 801 4306 quusi
818 4248 896 4307 optet,
913 4257 938 4292 v.
956 4239 981 4305 3,
1000 4238 1061 4307 611
1095 4237 1155 4293 418.
1177 4240 1248 4301 laeti,

66 4306 227 4371 v.1,350t
246 4308 277 4359 ci.
296 4305 327 4357 G.
346 4306 369 4374 1,
387 4306 461 4376 3041
496 4307 556 4362 419.
575 4326 600 4361 v.
619 4308 642 4374 1,
660 4304 734 4378 5431
768 4306 828 4361 422.
848 4326 872 4360 v.
890 4308 921 4361 G.
941 4308 964 4373 1,
977 4306 1052 4376 9001
1086 4306 1245 4361 murs.
