2942 4975
455 330 705 399 GEORGICON
732 332 812 399 LIR
833 332 890 397 111.

166 520 203 586 ln
225 520 329 587 soltus
351 524 523 602 utrumque
545 536 676 602 gregem
698 523 796 601 etque
815 519 851 584 in
871 536 990 601 pascuo
1011 519 1128 599 mittet,

165 604 307 672 Luciferi
329 606 433 689 primo
457 624 529 670 cum
550 604 656 670 sidere
678 602 796 686 frigida
816 623 893 669 rura

92 691 150 757 325
170 691 362 773 Carpemus,
384 691 460 755 dum
482 708 576 755 mane
598 708 728 768 norum,
751 690 828 755 dum
848 688 994 772 gramina
1015 694 1140 770 cenent,

165 777 209 842 Et
229 795 285 842 ros
306 777 341 841 in
363 780 478 841 tenera
498 776 607 857 pecori
629 775 827 857 gratissimus
849 774 957 841 herbo.

166 862 258 941 Inde,
283 861 337 927 ubi
359 864 476 943 quarta
497 860 582 927 sitim
605 860 687 925 caeli
709 860 876 942 collegerit
897 859 977 927 hora

164 948 209 1013 iit
231 951 331 1013 cantu
352 946 505 1028 querulae
526 950 679 1028 rumpent
700 944 832 1011 arbusta
853 944 990 1025 cicadae,

165 1032 216 1098 Ad
239 1037 357 1114 puteos
380 1036 437 1097 aut
459 1032 525 1097 alta
547 1048 661 1115 greges
684 1031 724 1095 ad
746 1034 862 1112 stagna
881 1030 992 1095 iubeto

88 1116 147 1182 310
166 1118 361 1183 Currentem
382 1115 490 1199 ilignis
511 1120 625 1199 potare
648 1115 811 1181 canalibus
831 1116 965 1195 uudam;

165 1202 320 1269 Aestibus
342 1206 376 1267 at
397 1201 512 1267 mediis
534 1200 716 1266 umbrosam
740 1200 907 1282 exquirere
928 1201 1054 1280 vallem,

167 1287 277 1353 Sicubi
299 1306 416 1371 magna
436 1286 521 1352 Iovis
544 1280 674 1368 antiquo
697 1286 812 1351 robore
834 1302 972 1367 quercus

165 1372 313 1455 lugentis
335 1373 450 1438 tendat
470 1390 589 1451 ramos,
612 1376 669 1437 aut
691 1371 793 1437 sicubi
814 1370 940 1453 nigrum

166 1458 301 1524 ilicibus
324 1458 444 1524 crebris
467 1475 558 1523 sacra
579 1474 693 1521 neruus
715 1456 850 1522 accubet
871 1456 996 1535 umbra3

87 1541 147 1608 335
167 1544 250 1609 Tum
273 1543 381 1609 tenuis
404 1543 481 1609 dare
502 1560 614 1607 rursus
636 1560 750 1623 aquas,
774 1549 808 1607 et
828 1560 960 1625 pascere
981 1558 1092 1606 rursus

166 1628 250 1694 Solis
272 1628 315 1694 ed
337 1646 498 1707 ocmsum,
520 1646 593 1693 cum
614 1626 749 1709 frigidus
771 1645 848 1692 aera
868 1645 983 1709 vesper

167 1714 356 1797 Temperet,
379 1717 414 1779 et
435 1711 536 1779 saltus
556 1710 662 1777 reficit
682 1712 746 1777 iam
768 1711 895 1777 roscida
915 1713 1000 1791 lune,

165 1800 344 1881 Litoraque
365 1799 520 1882 alcyonen
541 1803 707 1877 resonent,
730 1797 934 1863 acmanthida
954 1797 1051 1863 dumi.

250 1884 335 1962 Quid
356 1883 416 1949 tibi
436 1888 583 1966 pastores
606 1882 740 1967 Libyae,
762 1883 838 1965 quid
859 1900 978 1966 pascua
998 1898 1096 1949 versu

86 1968 147 2033 340
166 1970 363 2052 Prosequar‚
387 1974 421 2034 et
441 1969 523 2035 raris
545 1968 690 2035 habitate
709 1968 849 2051 mapalia
870 1967 987 2034 tectis?

168 2054 273 2137 Saepe
296 2054 382 2119 diem
403 2059 595 2135 noctemque
618 2058 652 2119 et
673 2058 779 2119 totum
799 2072 839 2119 ex
859 2054 972 2119 ordine
992 2070 1136 2119 mensem

166 2140 316 2205 Pascitur
336 2140 426 2221 itque
448 2157 546 2222 pecus
569 2140 665 2221 longa
686 2138 720 2203 in
742 2140 873 2205 deserta
893 2139 963 2205 sine
985 2138 1060 2204 ullis

166 2225 338 2309 Hospitiis:
361 2228 488 2291 tautum
511 2225 614 2308 campi
635 2224 728 2289 iacet.
774 2222 890 2289 Omnia
910 2242 1019 2289 secum

166 2310 393 2377 Armentarius
415 2309 494 2377 Afer
517 2309 596 2393 agit,
618 2313 805 2391 tectumque
826 2310 1008 2391 Laremque

84 2394 146 2461 345
166 2397 332 2479 Armaque
353 2396 624 2479 Amyclaeumque
648 2412 760 2459 canem
782 2394 993 2476 Cressamque
1014 2393 1212 2476 pharetram

167 2481 241 2546 Non
264 2501 359 2548 secus
381 2501 418 2548 ac
440 2481 552 2564 patriis
575 2498 650 2547 acer
671 2481 838 2546 Romanus
855 2480 889 2546 in
911 2479 1007 2546 armis

165 2567 291 2633 Iniuste
315 2567 374 2632 sub
396 2566 484 2632 fasce
505 2567 589 2632 viam
613 2585 685 2631 cum
707 2566 825 2648 carpit,
847 2571 882 2632 et
902 2563 988 2631 hosti

166 2653 253 2719 Ante
277 2657 498 2734 exspectatum
519 2652 633 2734 positis
655 2656 721 2718 stat
742 2651 776 2715 in
797 2651 924 2733 agmine
947 2651 1069 2716 castrm.
1096 2714 1105 2734 ‚

250 2738 296 2803 At
317 2757 394 2818 uon,
417 2757 480 2820 qua
502 2737 650 2820 Scythiae
673 2742 787 2819 gentes
808 2736 1013 2818 Maeotiaque
1034 2736 1155 2815 unda,-

84 2821 145 2888 350
169 2823 330 2888 Turbidus
354 2827 563 2904 attorquens
586 2821 733 2888 flaventis
756 2823 866 2887 Hister
887 2840 1010 2902 arenas,

169 2908 305 2990 Quaque
328 2907 413 2974 redit
434 2908 575 2974 medium
598 2906 754 2990 Rhodope
775 2912 926 2990 porrecto
947 2907 1006 2972 sub
1028 2923 1129 2972 axem

85 3058 140 3112 325.
154 3061 304 3180 Caesarum
315 3077 385 3126 rura,
402 3061 556 3112 ambulemus
567 3077 612 3128 per
630 3076 698 3124 rure,
715 3076 772 3112 cum
789 3076 865 3125 grege
881 3059 988 3123 scilicet;
1005 3076 1071 3112 aera
1084 3073 1198 3128 carpere,
1217 3059 1233 3110 i.
1245 3075 1267 3109 e.

87 3130 178 3194 volere,
221 3125 311 3194 ,311,
336 3129 414 3182 litora
432 3130 505 3181 Ovili.
523 3129 581 3180 Met.
601 3126 642 3194 12,
662 3123 736 3198 1961
771 3126 830 3180 327.
848 3134 959 3195 quarta,
983 3127 1035 3179 iere
1051 3144 1115 3179 nona
1132 3144 1163 3179 ex
1181 3136 1268 3179 nostru

87 3199 158 3249 toras
170 3198 316 3249 numerandi
327 3199 435 3262 ratione3
453 3204 551 3248 veteres
567 3198 599 3248 ab
613 3204 669 3247 ortu
681 3197 742 3247 solis
753 3198 916 3248 numerabunt
928 3193 1026 3264 horus!
1060 3193 1120 3248 328.
1139 3200 1268 3262 rumpent,

87 3267 159 3317 multo
177 3267 328 3332 assidueque
346 3273 420 3316 centu
432 3273 580 3333 pereounnt3
599 3266 708 3317 luvenal.
722 3265 745 3327 1,
759 3262 841 3331 resq.
859 3265 1008 3329 „Frontonis
1026 3265 1119 3331 platani
1136 3265 1268 3315 convulsu-

86 3349 129 3398 que
140 3349 269 3386 marmora
281 3335 389 3386 clamant
400 3334 502 3402 Semper
514 3341 540 3386 et
551 3335 652 3386 arrideo
665 3339 784 3400 ruptae
795 3333 889 3385 lectore
900 3331 1068 3402 columuno“{
1093 3329 1153 3385 330.
1166 3333 1267 3450 diagora

86 3403 125 3466 qni
140 3404 192 3454 vim
212 3403 274 3453 eolis
292 3402 404 3468 perferre
421 3404 517 3468 possint
533 3419 577 3454 uec
596 3403 727 3465 fatiscant5
748 3417 826 3468 quare
843 3402 885 3452 ille
903 3403 969 3468 apud
986 3400 1086 3452 Terent.
1099 3401 1146 3452 Ad.
1160 3397 1186 3464 4,
1216 3395 1270 3462 ,46

86 3469 194 3536 lectulos,
214 3471 303 3537 quibus
322 3471 350 3521 in
368 3470 435 3521 soie
450 3478 544 3534 ututur,
562 3471 643 3535 ilignis
661 3471 765 3537 pedibus
784 3471 830 3521 sibi
849 3469 974 3520 iaciendos
993 3468 1089 3532 curet}
1123 3465 1181 3518 332.
1200 3484 1225 3518 v.
1238 3468 1267 3518 E.

86 3536 109 3602 6,
125 3537 158 3591 bl
177 3546 204 3591 et
222 3553 300 3605 snpra
318 3554 357 3590 vs.
377 3535 453 3606 1891
476 3536 545 3595 ,eas
563 3538 668 3605 Proprie
684 3540 795 3590 umbra
814 3539 904 3589 dicitur
922 3539 1028 3600 cubare,
1052 3537 1186 3601 accubare3
1213 3538 1269 3588 irino

86 3606 151 3672 ipsae
162 3624 204 3658 res
217 3608 332 3658 umbram
344 3607 503 3674 praebentesq
521 3623 546 3658 v.
558 3610 588 3657 A.
603 3607 626 3671 1,
640 3603 712 3674 1631
748 3603 808 3658 335.
827 3608 901 3666 dare,
919 3622 955 3656 sc.
966 3606 1069 3670 iubeo,
1087 3607 1153 3670 quod
1164 3606 1268 3658 verbum

87 3674 154 3734 lecile
171 3675 324 3740 subintelligi
342 3683 431 3742 potest,
456 3691 510 3726 cum
528 3676 702 3743 praecipientis
721 3682 807 3742 partes
825 3681 886 3739 agat
903 3681 984 3741 poeta.
1002 3701 1038 3712 -
1055 3677 1154 3737 tenues,
1177 3673 1209 3724 ci.
1229 3689 1267 3724 ve.

86 3739 158 3813 3301
192 3741 254 3796 340.
272 3744 389 3812 mapalia
407 3745 481 3795 raris
500 3747 574 3794 tectio
591 3744 724 3807 dubitata,
750 3759 823 3795 rores
848 3743 1012 3794 habitationes
1030 3742 1186 3810 praebentia,
1212 3743 1226 3792 i.
1245 3757 1267 3792 e.

86 3827 146 3876 qnue
156 3813 212 3879 ipen
225 3826 286 3863 rnre
298 3819 364 3876 runt,
382 3818 468 3879 utpote
479 3813 617 3876 ingentibus
631 3811 770 3863 intervallis
782 3812 903 3878 dispersu.
929 3812 1001 3865 Nove
1013 3810 1123 3862 Probus:
1142 3827 1201 3875 „ma
1218 3811 1269 3862 ulia

86 3879 156 3932 loce
179 3882 318 3931 deserta
342 3878 472 3949 Puntqu
506 3875 565 3932 345.
590 3895 615 3932 v.
639 3881 668 3931 lt.
688 3879 711 3943 1,
730 3878 765 3932 ob
789 3887 815 3931 et
837 3896 867 3930 su
885 3895 914 3930 ru
937 3894 976 3930 vr.
994 3876 1176 3931 89¹tntravs.
1247 3877 1269 3949 ,1

86 3945 142 4001 346.
161 3965 209 4000 non
220 3963 302 4012 meus,
320 3964 349 4000 ao
367 3949 491 4001 Romanus
509 3950 579 4000 miles
598 3951 679 3999 omnia
697 3964 779 3999 secum
796 3897 883 4013 agili1
907 3944 966 4000 347.
985 3945 1112 4011 v.1‚164
1129 3956 1155 3999 et
1171 3947 1203 4000 ci'.
1217 3948 1267 4000 Cic.

89 4015 204 4082 13162,
223 4015 265 4070 16.
283 4045 317 4054 -
334 4017 525 4069 destillatione
544 4015 640 4068 Graeco
658 4032 742 4068 more:
768 4024 899 4082 antequam
917 4018 942 4068 id
960 4018 993 4068 ab
1012 4019 1084 4069 boote
1100 4025 1268 4083 exspectetur,

87 4091 112 4135 et
126 4092 212 4137 mun
230 4086 313 4152 posuit
330 4092 356 4136 et
373 4087 397 4136 in
416 4087 513 4150 agmine
530 4092 590 4150 stat,
608 4087 729 4137 instructo
747 4086 850 4147 scilicet,
870 4086 936 4150 quod
953 4087 1039 4136 stetim
1057 4086 1082 4136 in
1100 4087 1195 4136 iorum
1213 4101 1269 4152 per·

89 4167 144 4215 gere
162 4154 256 4221 possin
280 4153 336 4204 Liv.
354 4151 380 4218 2,
396 4150 431 4206 49
456 4153 565 4218 „Consul
588 4161 685 4218 gentem
710 4169 803 4204 omnem
827 4167 899 4204 suam
922 4154 1043 4205 instructo
1069 4155 1166 4218 agmine
1189 4155 1268 4214 videt3

220 4223 243 4272 iu
262 4221 367 4274 medium
384 4223 456 4288 signu
474 4221 534 4273 ierri
551 4220 658 4291 iubet.“{
692 4219 753 4273 349.
771 4227 810 4272 At
821 4237 871 4272 non
888 4222 926 4273 ita
940 4225 1051 4289 pascitur
1062 4227 1109 4272 cet.
1127 4220 1158 4272 ci.
1170 4218 1195 4286 4,
1208 4218 1268 4272 530.

88 4229 251 4374 mm
286 4287 346 4343 330.
364 4291 433 4342 Ordo
450 4297 501 4370 eet:
526 4289 562 4341 let
579 4290 700 4342 turbidus
720 4294 858 4367 torquem,-
879 4305 905 4340 v.
924 4288 949 4353 1,
966 4287 1041 4360 1631
1075 4285 1136 4340 351.
1152 4302 1177 4339 v.
1196 4289 1225 4340 lt.
1243 4287 1268 4351 6,

89 4351 129 4408 30.
140 4383 175 4398 ·-
190 4359 271 4421 redet,
289 4359 347 4425 quin
358 4366 405 4423 est,
423 4365 451 4410 ut
462 4365 499 4410 nrt
510 4359 622 4423 Servius,
639 4356 827 4428 γαμμοειδης,
847 4373 868 4409 s.
880 4359 906 4410 iu
923 4358 1028 4410 locurum
1039 4357 1152 4410 Graecae
1169 4357 1270 4409 litterae
