2942 4975
226 356 292 397 ΠΗ

224 524 316 598 possit
343 540 426 581 versu
453 524 621 597 Virgiliano.
671 523 772 595 Itaque
800 523 846 580 vel
873 522 925 579 has
956 522 993 579 ob
1021 539 1124 599 causas
1148 540 1206 581 nou
1230 524 1404 583 mirabimur

224 609 307 669 valde
329 608 470 681 placuisse
492 609 628 667 Romanis
650 609 704 666 hoc
726 624 837 681 poema.
882 607 988 665 Verum
1015 624 1073 665 non
1099 608 1172 667 illud
1194 609 1299 682 solum,
1328 610 1404 683 quod

224 694 310 753 modo
326 694 478 768 attigimus,
501 694 670 767 intelligitur
692 710 726 752 ex
749 709 784 751 ea
806 692 992 765 expositione,
1014 692 1064 750 sed
1087 698 1189 764 sponte
1212 695 1300 753 etiam
1315 712 1404 768 appa-

224 784 281 852 ret,
312 785 418 851 quanta
448 780 485 837 sit
513 796 609 837 rerum
639 778 675 837 ab
703 778 831 837 Homero
859 782 1046 835 tractatarum
1074 794 1137 835 cum
1163 779 1209 837 his
1235 780 1402 838 similitudo.

224 864 267 923 Ac
290 865 325 921 de
347 865 478 923 universa
498 865 671 935 imitatione,
698 864 776 935 quali
798 868 826 921 et
848 865 936 921 ceteri
958 868 1062 934 poetae
1082 863 1181 921 Latini
1202 868 1231 921 et
1252 866 1315 937 ipse
1339 866 1401 923 Vir·

224 950 308 1024 gilius
329 966 395 1007 usus
417 951 461 1022 sit,
484 966 570 1023 snpra
592 950 722 1008 diximus.
766 949 801 1006 In
821 948 949 1006 Aeneide
971 952 1065 1007 autern
1087 950 1155 1007 licet
1176 950 1353 1023 distinguere
1375 957 1402 1009 et

224 1036 414 1094 necessariam
442 1036 584 1109 quandam
611 1041 639 1092 et
661 1034 852 1092 voluntariam
873 1034 1070 1091 imitationem.
1114 1034 1154 1091 Et
1180 1034 1259 1091 illam
1288 1036 1402 1108 quidem
1466 1043 1467 1046 ’

223 1136 306 1178 nemo
329 1120 414 1178 debet
436 1136 498 1177 esse
519 1121 561 1178 ita
583 1120 693 1192 iniquus
708 1122 741 1176 ut
755 1118 953 1191 reprehendat,
975 1119 1050 1175 hanc
1063 1119 1301 1190 prudentissimus
1316 1126 1403 1194 poeta

223 1206 264 1263 ita
279 1205 392 1263 videtur
406 1206 567 1277 instituisse,
591 1211 622 1262 nt
645 1221 707 1263 eam
730 1208 807 1262 certe
828 1200 1016 1276 popularibus
1039 1204 1096 1261 suis
1118 1204 1293 1277 probaverit.
1331 1207 1402 1264 Pro-

223 1296 359 1363 posuerat
384 1290 439 1349 sibi
461 1290 598 1364 Virgilius
628 1290 836 1362 quodammodo
866 1293 957 1346 totam
984 1290 1083 1361 populi
1105 1290 1229 1348 Romani
1250 1290 1402 1349 historiam

222 1380 361 1448 perpetuo
389 1376 514 1433 carmine
542 1376 705 1447 complecti3
736 1392 802 1433 nam
832 1374 899 1432 dnm
926 1374 1027 1431 scribit
1053 1391 1100 1431 res
1127 1391 1163 1432 ac
1187 1373 1249 1433 iata
1277 1376 1401 1450 Aeneae,

223 1462 294 1519 scite
321 1461 492 1533 interposuit
513 1462 600 1520 variis
627 1461 698 1519 locis
728 1459 863 1536 (maxime
885 1460 904 1517 l.
928 1464 960 1531 6,
984 1461 1164 1521 'lta-883
1188 1466 1217 1518 et
1239 1464 1272 1532 9,
1296 1464 1399 1524 626-

222 1544 298 1620 728)
322 1562 369 1618 ea,
393 1562 465 1619 quae
488 1564 505 1605 a
527 1548 642 1605 summis
664 1546 748 1617 viris,
771 1546 829 1603 alio
852 1544 911 1602 alia
932 1549 1035 1618 aetate,
1057 1550 1139 1618 gesta
1160 1550 1237 1616 suna
1259 1563 1334 1619 quae
1356 1564 1401 1606 res

223 1632 265 1689 uti
291 1647 349 1689 non
374 1632 469 1703 potuit
494 1648 551 1691 non
578 1632 699 1690 maxime
727 1634 811 1703 grata
838 1646 899 1688 esse
925 1630 1077 1702 RomaniS,
1109 1631 1151 1689 ita
1177 1630 1251 1689 hanc
1274 1632 1401 1691 habebat

223 1716 462 1789 commoditatem,
484 1722 516 1775 ut
538 1718 626 1775 Iuliae
648 1717 750 1790 gentis
772 1717 894 1773 maxime
916 1720 1010 1773 autem
1032 1716 1121 1788 ipsius
1136 1714 1285 1775 Octaviani
1308 1718 1401 1791 gloria

223 1802 248 1859 ei
275 1802 395 1859 carmini
421 1803 510 1860 intexi
537 1807 643 1875 posset.
686 1802 762 1859 Nam
783 1800 870 1859 Italia
896 1801 946 1858 diu
972 1802 1075 1858 misere
1101 1806 1205 1859 vexata
1231 1819 1266 1860 ac
1287 1809 1401 1861 vastata

221 1888 297 1945 victo
320 1904 364 1945 ao.
388 1889 449 1949 723
472 1888 599 1946 Antonio
623 1886 785 1959 sedatisque
807 1884 898 1943 tumbis
920 1885 1050 1943 omnibus
1072 1903 1107 1944 ea
1128 1892 1290 1960 temporum
1309 1886 1400 1946 felici-

221 1978 281 2030 tate
302 1972 443 2046 utebatur,
466 1979 497 2030 ut
518 1973 641 2031 Romani
662 1973 802 2030 iacturam
823 1970 973 2042 libertatis
997 1988 1081 2043 quam
1103 1972 1224 2045 amplius
1245 1973 1321 2031 tueri
1342 1991 1401 2033 non

220 2064 348 2130 possent,
376 2074 467 2130 aequo
491 2059 586 2116 animo
609 2056 718 2116 ferrent
740 2062 825 2129 atque
847 2055 1046 2128 Octavianum,
1076 2058 1121 2114 eui
1142 2058 1216 2115 hanc
1238 2060 1400 2130 tranquilli-

220 2148 309 2201 tatem
332 2148 520 2217 pacatumqne
542 2158 638 2201 rerum
661 2146 766 2200 statum
788 2141 933 2213 deberent,
959 2142 988 2198 in
1010 2146 1089 2200 astra
1110 2143 1242 2201 laudibus
1264 2144 1400 2202 tollerent

220 2233 250 2287 et
270 2232 415 2300 tamquam
438 2234 617 2301 praesentem
645 2230 674 2286 in
701 2228 787 2287 terris
815 2228 897 2285 deum
925 2227 1060 2285 colerent.
1104 2227 1205 2301 ltaque
1227 2227 1401 2288 Octavianus

220 2312 257 2373 ab
280 2314 409 2372 omnibus
431 2316 532 2388 poetis,
556 2316 685 2387 quitum
707 2312 830 2385 fuerunt,
852 2312 1080 2385 splendidissime
1102 2319 1220 2372 ornatus
1242 2319 1294 2372 est.
1339 2313 1400 2373 Ubi

220 2404 314 2457 autem
336 2401 425 2459 virtus
448 2400 522 2459 tanti
542 2401 597 2459 viri
618 2400 725 2473 populo
754 2398 948 2457 commendari
974 2398 1074 2455 melius
1101 2403 1229 2471 poterat,
1257 2416 1342 2472 quam
1368 2401 1401 2458 in

219 2503 253 2544 eo
275 2484 413 2559 carmine,
442 2485 520 2559 quod
546 2491 638 2544 totum
664 2484 703 2544 ad
729 2483 953 2558 praedicandam
980 2484 1041 2541 eius
1067 2484 1174 2575 populi
1189 2479 1401 2559 gloriam'spe·

219 2569 330 2629 ctaret?
367 2570 408 2628 At
430 2572 506 2629 dices
528 2572 686 2643 periculum
709 2587 784 2641 esse,
813 2586 850 2626 ue
876 2570 981 2626 nostris
1003 2572 1099 2642 pneris
1122 2571 1401 2644 adolescentulisque

218 2655 249 2713 id
271 2671 386 2712 carmen
407 2655 566 2730 legentibus
589 2656 720 2713 videatur
742 2655 862 2713 servitus
885 2654 1098 2712 commendari?
1134 2655 1214 2714 Nihil
1236 2661 1292 2729 est,
1322 2658 1403 2730 quod

219 2757 253 2798 ea
275 2755 360 2798 eausa
382 2741 516 2814 trepides.
550 2740 637 2798 Vides
660 2741 734 2797 enim
756 2739 884 2797 homines
906 2741 998 2797 nostri
1020 2741 1127 2798 saeculi
1148 2739 1313 2799 liberrimos
1334 2758 1402 2801 eos-

219 2841 280 2900 que,
304 2825 352 2897 qui
374 2823 508 2885 libertate
530 2825 710 2898 dignissimos
731 2841 762 2882 se
775 2825 987 2898 praestiterunt,
1009 2825 1128 2899 AngloS,
1150 2827 1304 2898 plurimum
1326 2829 1402 2887 illud

218 2911 349 2969 lectitare
371 2916 456 2983 atque
478 2911 557 2984 ipsis,
579 2927 651 2983 qnae
673 2911 702 2968 in
725 2927 758 2968 eo
779 2911 929 2982 proposita
944 2915 1016 2982 sunt,
1038 2910 1244 2970 honestissimis
1260 2915 1402 2986 exemplis

220 2997 297 3053 alere
320 2997 450 3068 spiritum
472 2997 552 3054 illum
575 3011 659 3054 verae
685 2996 880 3068 ingenuaeque
907 2995 1056 3054 libertatis.
1102 2995 1158 3054 Sed
1180 2997 1331 3055 redeamus
1355 3017 1401 3073 eo,

218 3081 291 3138 unde
314 3080 487 3140 defleximus.
518 3081 640 3138 Tantam
662 3082 750 3154 igitur
771 3097 831 3138 rem
854 3098 917 3139 cum
939 3081 1035 3139 animo
1058 3083 1235 3155 concepisset
1251 3083 1400 3158 Virgilius,

217 3167 357 3224 neminem
379 3169 473 3238 potuit
495 3168 634 3238 invenire,
664 3167 742 3224 cuins
763 3182 888 3238 persona
909 3171 984 3223 esset
1005 3166 1043 3223 ad
1064 3166 1123 3225 tale
1145 3168 1294 3226 consilinm
1317 3186 1401 3229 exse·

218 3251 358 3325 quendum
381 3253 484 3325 aptior,
509 3269 592 3324 quam
613 3252 754 3323 Aeneam,
778 3256 807 3309 et
828 3252 952 3324 primum
973 3252 1016 3309 rei
1038 3252 1186 3310 Romanae
1209 3253 1401 3329 conditorem,

218 3343 246 3394 et
267 3338 358 3394 vnum
380 3337 414 3394 iis
437 3336 588 3395 virtutibus
611 3336 808 3407 excellentem,
839 3353 911 3409 qnae
933 3337 962 3393 iu
983 3336 1114 3396 Romano
1136 3337 1250 3395 homine
1272 3341 1402 3400 maxime

217 3422 375 3481 laudabiles
396 3421 575 3494 viderentur,
604 3427 633 3480 et
659 3422 747 3494 ipsius
775 3423 867 3495 gentis
889 3420 992 3494 Iuliae,
1020 3423 1050 3479 in
1078 3439 1163 3495 quam
1185 3440 1203 3481 a
1223 3422 1299 3482 Divo
1323 3426 1402 3485 Iulio

217 3505 340 3566 Caesare
362 3508 486 3566 adscitus
509 3511 571 3565 erat
593 3505 772 3578 Octavianus,
795 3511 948 3565 auctorem.
994 3506 1103 3566 Fuerat
1117 3512 1219 3566 ¹autern
1243 3509 1362 3569 Aeneas
1386 3530 1402 3571 e

216 3608 333 3650 numero
361 3593 463 3650 ducum
491 3592 681 3651 Troianorum
709 3592 844 3650 adversus
867 3591 993 3651 Graecos
1019 3595 1217 3667 pugnantium3
1243 3594 1268 3652 is
1296 3612 1403 3656 eversa

217 3677 305 3735 Troia
331 3677 460 3752 profugit
487 3694 645 3750 novamque
672 3678 797 3750 patriam
824 3678 976 3750 qnaesivit,
1010 3694 1072 3736 eam
1101 3695 1169 3737 vero
1196 3681 1302 3751 ipsam,
1333 3699 1403 3742 cum

214 3764 294 3836 pacis
322 3763 431 3821 artibus
458 3780 515 3821 non
543 3768 652 3836 posset,
682 3764 768 3820 armis
796 3763 928 3821 obtinuit.
972 3762 1053 3821 Haec
1079 3765 1239 3823 necessario
1261 3781 1404 3839 magnam

215 3848 322 3906 habent
357 3865 419 3906 eum
448 3848 567 3907 Homeri
602 3848 774 3906 carminibus
806 3848 1033 3922 similitudinem,
1065 3851 1172 3922 partim
1205 3867 1268 3908 cnm
1296 3850 1404 3926 Iliade,

215 3934 320 4006 partim
354 3950 417 3990 cum
448 3933 587 4006 Odyssea;
620 3934 716 4006 itaque
749 3934 861 4007 priores
891 3951 941 3992 sex
969 3933 1036 3990 libri
1064 3935 1208 3994 Aeneidos
1237 3935 1301 3993 iure
1333 3955 1404 3998 cum

218 4017 357 4092 Odyssea,
389 4020 563 4091 posteriores
593 4035 655 4076 cum
685 4018 778 4076 Iliade
808 4023 1018 4092 comparantur.
1070 4019 1140 4077 Cum
1168 4025 1263 4078 antem
1291 4038 1402 4098 mores,

216 4104 354 4176 instituta,
376 4107 463 4177 gentis
485 4103 639 4176 pugnandi,
663 4111 822 4176 ceteraque,
846 4120 917 4176 quae
939 4105 1062 4162 maxime
1081 4107 1201 4178 propria
1215 4106 1292 4164 illins
1313 4117 1404 4168 erant
1466 4130 1467 4161 ς

216 4190 326 4261 aetatis,
350 4204 385 4246 ex
407 4188 534 4246 Homero
556 4190 671 4261 cognita
694 4195 795 4260 essent,
817 4206 875 4247 nou
896 4188 991 4262 potuit
1011 4207 1069 4248 non
1090 4191 1120 4247 in
1142 4207 1177 4249 ea
1197 4207 1229 4248 re
1248 4191 1403 4254 Romanus

215 4281 302 4349 poeta
332 4279 408 4332 totus
437 4274 563 4346 pendere
591 4290 607 4330 e
637 4272 757 4332 Graeco.
811 4274 887 4332 Nam
916 4279 947 4332 nt
975 4274 1046 4333 haec
1075 4275 1152 4348 apud
1182 4277 1403 4348 antiquissimos

215 4361 343 4420 homiues
365 4359 468 4418 Italiae
495 4359 607 4417 diversa
629 4357 734 4417 fuerint
763 4359 810 4436 (ac
830 4365 901 4434 puto
923 4357 1010 4418 fnisse
1032 4359 1171 4435 diversa),
1199 4362 1272 4419 nulli
1297 4368 1403 4426 tamen
