2942 4975
457 865 489 939 P.
517 863 654 940 VlRGlLI
682 864 848 943 aaronis

260 1046 1041 1210 Aunulnos

439 1261 613 1345 LIBER
644 1261 869 1347 PRIMUS.

551 1450 755 1457 m*—

76 1564 178 1631 (Aereas
201 1566 296 1617 relicto
318 1564 407 1617 Sicilia
431 1569 458 1616 oi
479 1570 617 1617 acutorum
640 1567 678 1617 cd
702 1566 765 1617 litas
786 1567 901 1631 Africae
924 1568 1029 1620 delator
1049 1571 1242 1637 Ilartlrogincm

299 1634 422 1686 veuit-od
439 1634 563 1685 Didorrern
581 1636 613 1684 oo
632 1651 714 1701 coquo
733 1639 864 1702 accipiter
881 1637 1016 1705 hospitio.)

211 1924 256 1975 Ille
274 1939 333 1989 ogo,
358 1922 550 1989 quiquoniam
567 1924 668 1989 gracili
683 1924 835 1975 modulatus
852 1941 935 1977 acerra

147 1994 269 2057 Carmen,
289 1996 325 2054 ot,
346 2008 469 2057 egressor
488 1993 769 2058 cataractariorum·

149 2061 182 2117 ot
198 2064 318 2129 quemvis
337 2062 410 2111 acido
425 2066 552 2127 parerent
569 2074 635 2111 area
654 2061 747 2124 colona
842 2114 849 2120 ,

147 2130 260 2183 Gratum
277 2145 345 2197 opcaa
362 2130 504 2195 agricolis,
523 2134 553 2179 at
569 2144 637 2179 aare
652 2130 792 2181 horrentia
810 2130 905 2181 Martis

146 2284 446 2413 Armeniumque
471 2348 563 2409 cano,
587 2329 701 2396 Troiae
724 2330 779 2411 qui
800 2330 921 2413 primus
944 2331 983 2397 ab
1007 2332 1071 2397 oris

148 2422 273 2490 Italiam
296 2422 363 2488 lato
386 2420 541 2508 profugus
562 2422 759 2520 Laviniaque
781 2424 869 2490 venit

132 2581 257 2630 Aonold.
275 2583 310 2627 1..
329 2584 355 2628 l.
391 2579 604 2628 Prooemium.
640 2576 685 2628 Ille
702 2593 765 2643 ogo:
783 2578 910 2642 Significat
927 2578 1056 2642 Virgilius,
1075 2579 1098 2628 si
1116 2579 1137 2628 is
1155 2586 1243 2629 auctor

75 2652 106 2693 est
123 2646 189 2698 huius
207 2647 340 2710 Prooemii‚
361 2663 376 2697 a
394 2647 504 2696 bucolico
524 2654 550 2697 et
566 2647 682 2710 georgica
701 2647 809 2697 carmine
827 2649 859 2697 ad
877 2649 1001 2698 heroicum
1019 2663 1047 2697 se
1058 2648 1243 2712 procedere.—

75 2716 113 2776 qoi
125 2715 272 2766 rrcodolatur
290 2731 362 2766 sam
380 2720 406 2765 et
423 2718 498 2780 coegi
514 2731 579 2766 arvo
596 2718 689 2778 oier'na,
707 2719 739 2764 ot
753 2721 887 2782 parerent.
900 2745 934 2754 -
951 2732 1009 2781 egr.
1027 2716 1109 2779 εἰὶυίε,
1126 2733 1151 2767 v.
1169 2716 1199 2766 E.
1218 2714 1243 2776 1,

74 2777 94 2830 2.
108 2810 138 2818 -
159 2787 244 2834 uicina
262 2784 342 2834 silvis.
366 2813 400 2821 —
427 2781 459 2835 Ut
476 2801 499 2850 q.
518 2799 542 2834 a.
579 2799 628 2834 .a.
647 2783 703 2846 col,
727 2787 939 2850 utrespcnderet
964 2784 1033 2850 eopia
1057 2782 1154 2848 frugum
1176 2785 1243 2834 votis

74 2851 184 2912 agricolae
200 2868 307 2903 messem
324 2853 365 2904 vel
383 2853 532 2903 uberrimam
552 2799 678 2918 &nautis
696 2852 810 2919 uberem)
829 2855 945 2919 optantis,
973 2868 998 2903 v.
1017 2851 1048 2902 G.
1061 2851 1085 2915 1,
1104 2849 1147 2904 47.
1167 2850 1201 2904 99
1219 2860 1245 2903 et

74 2916 97 2968 ct.
114 2919 178 2970 ovid.
196 2920 267 2972 Fast.
286 2921 310 2983 1,
329 2919 380 2972 677
398 2937 434 2986 sq.
453 2949 488 2958 -
511 2926 541 2972 at
558 2938 592 2984 re,
617 2926 647 2970 ut
670 2922 804 2972 transitum
821 2936 837 2970 a
856 2937 883 2972 re
900 2920 949 2973 levi
967 2936 996 2972 ac
1014 2921 1082 2971 tenui
1099 2923 1129 2971 ad
1148 2922 1244 2971 maiora

74 2991 227 3054 agrariam,
247 2991 319 3039 imaro
338 2991 471 3052 contraria,
491 2991 529 3039 hie
546 2990 646 3039 indicat.
665 3017 698 3026 —
715 2991 851 3040 horrentia
869 3007 947 3041 arma
965 2997 1121 3056 opponuntur
1138 3005 1154 3039 a
1172 2997 1244 3056 poeta
1325 3023 1330 3036 .

74 3055 137 3106 nitido
153 3073 271 3109 arvorum
291 3058 381 3120 cultcui,
406 3059 447 3124 qui
465 3074 519 3108 curn
537 3065 611 3121 grato
630 3059 748 3124 adspectu
773 3058 876 3110 delectet
899 3059 1019 3121 animuin,
1043 3074 1113 3108 arma
1140 3060 1244 3108 eundem

75 3122 162 3178 horrore
180 3123 330 3195 alliciunt„
365 3127 540 3194 Emporitio
561 3128 727 3193 propositi
748 3143 786 3176 vs.
805 3124 881 3177 1-7.
904 3155 939 3164 -—
962 3126 1038 3177 Fato
1063 3143 1093 3176 ac
1116 3127 1245 3176 voluntate

74 3192 160 3244 durnin
182 3194 347 3258 factumest,
372 3203 400 3246 ut
416 3199 513 3246 Aeneas
538 3195 610 3245 donno
635 3193 754 3260 prologus
778 3210 868 3244 novum
886 3196 967 3245 sedern
986 3195 1009 3244 in
1027 3194 1101 3245 ltalia
1118 3196 1244 3244 condecet.

73 3258 155 3313 insensa
170 3263 287 3314 Troianis
305 3262 365 3315 luno
383 3279 438 3313 curn
457 3262 596 3313 convellere
615 3264 718 3314 decreta
734 3263 780 3314 lati
792 3270 905 3328 nequeat,
923 3265 1056 3314 retardare
1068 3264 1157 3314 saltem
1170 3276 1244 3313 evcn-

74 3334 199 3383 tuoruum
218 3333 284 3383 omni
303 3348 348 3398 epe
367 3332 461 3382 nititur.
497 3332 584 3396 ltaque
602 3333 644 3382 din
661 3339 731 3383 arcet
749 3333 857 3383 Aeneam
875 3331 907 3382 ab
925 3347 1028 3384 necessu
1046 3330 1132 3381 letalis
1151 3339 1243 3393 terrae,

75 3403 95 3446 et
109 3415 157 3449 eum
175 3402 217 3451 ille
236 3407 293 3467 post
311 3401 400 3451 multos
418 3416 519 3452 errores
538 3400 643 3451 classem
661 3417 690 3452 eo
709 3400 859 3467 appulisset,
885 3401 994 3451 eiusdem
1011 3415 1087 3465 opera
1105 3398 1245 3464 implicatur

74 3469 206 3526 gravissime
231 3470 309 3532 bello,
334 3485 381 3534 quo
405 3470 536 3536 profligato
561 3469 677 3533 victoque
702 3470 849 3520 adversario
873 3469 1040 3530 atrocissimo,
1063 3467 1160 3529 Turno,
1185 3482 1245 3530 rege

74 3535 164 3602 Ardeae,
183 3539 282 3588 tandem
300 3539 395 3604 potitur
412 3539 485 3588 votis.
523 3537 643 3587 Conditur
662 3545 718 3603 post
736 3538 799 3587 hane
819 3538 964 3599 victoriam,
982 3537 1006 3585 iu
1025 3550 1074 3600 qua
1087 3535 1177 3585 Aeneis
1189 3535 1244 3600 ipsa

75 3600 132 3653 inem
149 3608 226 3673 capit,
253 3606 383 3658 Launium
402 3605 552 3670 Troianique
575 3621 629 3656 eum
652 3605 743 3672 populo
767 3607 833 3669 regis
851 3605 933 3655 Latini
956 3606 992 3655 ita
1010 3603 1194 3665 consociantur,
1216 3610 1245 3654 ut

76 3667 203 3726 latrorum
222 3690 308 3726 nomen
327 3681 446 3740 utrosque
465 3674 652 3740 complectatur,
670 3680 787 3723 maneant
804 3675 878 3725 etiarn
896 3689 978 3724 sermo
995 3686 1126 3736 moresque
1142 3671 1246 3722 Latino·

76 3753 130 3799 roro,
148 3743 188 3807 12,
204 3739 257 3795 834
275 3759 340 3809 sqq,
366 3744 449 3794 Latini
467 3749 549 3793 autern
569 3757 643 3792 sacra
662 3744 770 3807 deosque
788 3741 952 3792 Troianorum
971 3741 1107 3807 accipiant,
1126 3736 1167 3804 12,
1187 3738 1244 3791 192.

75 3806 161 3874 Aliquot
177 3812 248 3862 aunis
270 3818 328 3878 post
350 3811 415 3862 lilius
433 3814 533 3862 Aeneae
557 3811 666 3861 condidit
683 3810 773 3860 Albam
792 3810 915 3875 Longam,
939 3825 1002 3876 quac
1019 3824 1108 3876 parens
1126 3806 1194 3859 laeta
1207 3817 1246 3860 est

76 3874 130 3927 illins
147 3880 245 3932 inclitae
262 3879 381 3947 Romae!
417 3878 440 3929 1.
459 3879 513 3930 Non
536 3886 593 3930 sunt
619 3881 680 3930 haec
705 3895 782 3930 arrae
799 3882 939 3945 virumque
957 3880 993 3929 ita
1011 3878 1163 3928 secernenda
1181 3879 1246 3928 inter

76 3957 110 4007 so,
130 3954 155 3997 nt
177 3950 225 3999 duo
251 3949 351 3999 diversa
375 3948 507 4012 significari
529 3954 640 3998 statuas:
666 3963 744 3998 arma
763 3963 828 3998 carro
846 3953 871 3996 et
889 3951 978 3998 viram
995 3961 1075 4008 cono,·
1099 3947 1143 3996 sed
1167 3961 1246 3996 arma

76 4013 196 4082 virumque
213 4017 249 4066 ita
267 4017 291 4066 in
309 4032 383 4068 mum
402 4017 552 4079 coalescunt,
571 4023 599 4066 ut
617 4016 719 4066 hominis
738 4015 803 4065 bello
821 4016 883 4066 elari
896 4016 962 4067 notio
976 4015 1112 4077 efficiatum
1130 4013 1261 4064 cl.0vid.·

77 4077 143 4132 l'rist.
159 4084 182 4143 2,
201 4081 253 4138 533
271 4085 334 4148 „lile
352 4091 411 4137 tuae
427 4083 487 4134 felix
506 4085 629 4136 Aeneidos
646 4091 735 4142 auctor
748 4083 858 4134 Contulit
874 4083 932 4136 inT
953 4085 1005 4134 rios
1023 4098 1110 4134 arma
1127 4084 1245 4133 virum-

77 4161 123 4210 que
138 4156 229 4204 toros.“
247 4153 312 4204 inlra
331 4149 446 4216 11,747
465 4155 574 4216 „Arme
598 4154 763 4218 virumque
785 4151 897 4215 lerens,“
946 4154 1043 4205 enuluni
1064 4158 1194 4202 armatum.
1212 4179 1247 4188 -

76 4220 178 4283 primas,
192 4237 247 4273 nani
265 4221 405 4283 Patavium,
424 4223 488 4287 quod
508 4225 618 4272 Antenor
636 4227 693 4270 ante
710 4222 844 4271 adventum
863 4222 962 4272 Aeneam
980 4220 1088 4272 condidit
1105 4236 1143 4270 vs.
1160 4216 1246 4269 242-

78 4281 126 4347 248,
142 4289 297 4342 Venetiae
315 4287 383 4355 luit!
418 4288 442 4342 2.
462 4290 533 4340 Haud
551 4297 644 4341 temere
660 4291 729 4352 illud,
749 4291 812 4353 quod
824 4290 908 4354 fato
923 4290 1062 4356 prosimu
1074 4291 1174 4338 acirim
1186 4287 1246 4336 dici-

79 4357 119 4415 tur,
134 4365 174 4408 aut
191 4360 315 4410 inventum
334 4375 390 4410 esse
407 4374 423 4408 a
442 4366 515 4425 poeta
533 4364 578 4409 aut
596 4359 715 4409 creditum
735 4373 751 4407 a
768 4357 889 4418 llornanis'
902 4358 1086 4424 persuadebunt
1103 4355 1245 4418 gravissimi
