2942 4975
237 298 261 343 α
453 354 703 422 GEORGICON
726 360 806 423 LIB.
829 360 882 424 151.
964 416 969 427 .

162 542 345 609 Caesariem
369 542 488 607 effusae
510 542 644 609 nitidam
665 564 724 627 per
747 545 881 610 candida
904 546 994 626 colla,

161 628 316 713 [Nesaea
339 628 491 711 Spioque,
515 629 704 711 Thaliaque,
728 630 994 716 Cymodoceque]

161 714 368 796 Cydippeque
392 718 426 778 et
447 713 529 778 flava
552 714 716 796 Lycorias,
740 717 843 781 altera
862 717 960 799 virge,

87 799 141 863 340
160 800 275 864 Altera
297 804 366 863 tum
387 800 507 881 primos
530 800 670 865 Lucinae
694 806 827 884 experta
848 801 984 880 labores
1078 800 1085 817 ’
1120 832 1126 842 ·

161 885 296 966 Clioque
320 890 354 949 et
375 886 480 959 Beroe
503 888 606 965 soror,
630 885 836 951 Oceanitides
859 887 980 965 amhae,

127 1018 132 1033 .
160 971 285 1035 Ambae
309 989 398 1049 auro,
421 969 515 1052 pictis
535 971 694 1036 incinctae
716 972 855 1054 pellibus
877 972 997 1052 ambae,

159 1057 268 1138 Atque
291 1056 434 1138 Ephyre,
457 1060 554 1137 atque
577 1056 669 1139 Opis,
693 1062 726 1121 et
748 1058 824 1123 Asia
845 1057 998 1139 Deiopea,

160 1142 202 1205 Et
225 1142 359 1205 taudem
380 1140 493 1223 positis
515 1141 609 1206 velox
630 1142 793 1207 Arethusa
819 1142 954 1223 sagittis.

87 1224 140 1289 345
160 1226 252 1291 luter
274 1245 355 1307 quas
378 1246 486 1291 curam
509 1226 661 1309 Clymene
683 1228 838 1293 narrabat
858 1227 986 1293 inanem

160 1312 312 1390 Volcani,
333 1310 511 1393 Martisque
534 1312 624 1377 dolos
650 1318 684 1377 et
705 1313 812 1379 dulcia
833 1312 929 1393 furta,

161 1398 254 1478 Aque
278 1396 374 1462 Chao·
389 1397 505 1461 densos
529 1396 634 1462 divom
659 1399 850 1463 numerabat
871 1395 1004 1463 amores.

162 1481 312 1547 Carmine
335 1500 397 1562 quo
422 1488 534 1564 captae
558 1483 633 1547 dum
655 1482 735 1547 fusis
757 1484 867 1548 mollia
887 1502 1014 1565 pensa·

160 1568 359 1646 Devolvunt,
380 1568 499 1632 iterum
522 1573 685 1633 maternas
706 1569 825 1650 inpuht
846 1569 932 1635 amis

87 1653 141 1720 350
160 1652 283 1718 Luctus
306 1654 457 1732 Aristaei,
479 1653 654 1734 vitreisque
677 1653 830 1719 sedilibus
853 1671 965 1719 omues

162 1738 371 1819 Obstipuere;
395 1740 451 1803 sed
475 1743 551 1804 aute
575 1738 652 1804 alias
674 1740 838 1805 Arethusa
860 1757 987 1804 sorores

161 1824 364 1905 Prospiciens
387 1842 510 1889 summa
532 1823 649 1889 flavum
672 1831 769 1907 caput
792 1825 907 1889 extulit
927 1824 1015 1889 unda

160 1910 202 1974 Et
224 1910 353 1991 procul:
390 1908 418 1974 Ο
442 1910 564 1991 gemitu
586 1929 651 1974 uon
673 1908 795 1976 frustra
818 1910 974 1975 exterrita
996 1914 1096 1989 tanto,

162 1995 287 2077 Cyrene
309 2013 413 2074 soror,
435 1996 504 2077 ipse
527 1994 598 2074 tihi,
621 2000 677 2060 tua
698 2015 848 2061 maxuma
870 2014 955 2074 cura,

87 2080 141 2147 355
161 2080 277 2145 Tristis
299 2080 466 2145 Aristaeus
488 2081 588 2145 Penei
611 2080 765 2163 genitoris
789 2082 829 2146 ad
851 2081 970 2146 undam

163 2166 235 2251 Stat
257 2166 442 2246 lacrimans,
466 2171 500 2230 et
522 2170 554 2231 te
578 2166 741 2231 crudelem
762 2167 891 2231 nomine
914 2166 1001 2233 dicit

161 2251 244 2317 Huic
266 2269 420 2333 percussa
441 2270 525 2316 nova
546 2257 687 2317 mentem
710 2251 879 2316 formidine
902 2255 1014 2330 mater,

160 2338 244 2416 Duc,
268 2354 343 2419 age,
365 2336 426 2401 duc
448 2338 488 2402 ad
511 2356 582 2417 nos3
610 2337 658 2402 fas
679 2337 728 2401 illi
749 2337 861 2401 limina
883 2336 990 2401 divom

161 2424 324 2506 Tangere,
348 2423 401 2488 ait.
446 2422 546 2488 Simul
569 2420 636 2489 alta
656 2422 748 2489 iubet
770 2422 936 2488 discedere
957 2420 1024 2487 late

88 2512 142 2576 360
161 2509 326 2588 Flumina,
349 2529 411 2590 qua
433 2509 557 2574 iuvenis
574 2503 708 2592 'gressus
729 2507 874 2573 inferret.
918 2510 963 2584 At
983 2506 1074 2571 illum

163 2595 304 2660 Curvata
324 2594 359 2658 in
381 2595 499 2659 montis
522 2595 662 2677 speciem
685 2594 900 2660 circumstetit
921 2593 1008 2657 unda

160 2680 360 2762 Accepitque
383 2679 455 2744 sinu
476 2685 567 2745 vasto
590 2680 740 2762 misitque
763 2680 822 2744 sub
845 2698 980 2744 amnem.
1008 2736 1012 2743 .
1098 2707 1102 2714 ·

160 2767 294 2848 lamque
317 2766 446 2830 domum
468 2766 587 2832 mirans
610 2765 784 2848 genetricis
806 2770 840 2830 et
860 2765 992 2840 humida
1012 2781 1122 2844 regua,

162 2851 395 2934 Speluncisque
417 2852 505 2916 lacus
529 2852 666 2930 clausos,
688 2852 844 2932 lucosque
866 2849 1019 2929 sonantis,

88 2938 249 3016 3651bat,
273 2941 308 3001 et
329 2937 453 3019 ingenti
475 2941 565 3002 motu
588 2936 788 3020 stupefactus
810 2955 965 3017 aquarum

166 3021 281 3088 Omnia
304 3023 362 3088 sub
385 3041 502 3104 magna
522 3022 664 3088 labentia
686 3021 818 3088 flumina
839 3027 928 3088 terra

87 3195 152 3262 hyali
166 3195 227 3262 as.
247 3212 276 3258 e.,
295 3194 310 3244 i.
329 3210 350 3245 e.
369 3195 432 3245 satis
450 3195 521 3257 largo
535 3195 604 3261 hyali
622 3193 705 3244 colore
722 3194 824 3259 tincta}
858 3190 1088 3260 een-eaeiaram
1102 3192 1216 3255 effusae,
1234 3205 1260 3240 v.

87 3263 113 3312 ll.
128 3261 151 3327 3,
167 3259 240 3324 1061
281 3259 341 3315 340.
359 3262 431 3326 Lac,
448 3279 473 3312 v.
492 3260 516 3324 3,
534 3260 593 3327 601
627 3259 687 3314 342.
711 3263 800 3312 amhae
823 3262 906 3328 pictis,
928 3262 944 3312 i.
962 3277 985 3312 e.
1003 3261 1082 3311 variis
1099 3258 1203 3326 pellibus
1222 3258 1264 3323 (ut

91 3334 226 3397 venatrices,
245 3331 276 3384 cl.
296 3347 334 3383 vs.
347 3328 420 3393 3443
439 3345 495 3382 nam
513 3332 587 3382 etiam
604 3347 636 3383 ex
650 3331 781 3382 Ooeauinia
800 3331 879 3381 Diana
894 3331 956 3396 legit
967 3329 1098 3398 Nymphas
1116 3327 1264 3387 venatrices,

90 3408 114 3450 ut
129 3401 201 3453 refert
221 3401 388 3452 Callimachus
406 3399 495 3468 Hymn.
514 3401 536 3450 in
556 3400 627 3450 Dian.
645 3397 702 3466 42.)
721 3400 773 3450 alte
788 3399 890 3462 cinctae,
909 3398 939 3449 ei.
958 3399 989 3448 A
1008 3396 1033 3459 1,
1050 3393 1109 3458 320,
1127 3409 1263 3459 zonamque

89 3477 191 3521 arratam
203 3469 330 3521 hahentes.
365 3465 425 3520 343.
443 3485 469 3518 ν.
482 3469 511 3518 Ε.
526 3467 550 3530 2,
558 3465 599 3518 24.
608 3495 639 3506 «-
650 3470 727 3531 Asia,
739 3484 764 3517 v.
773 3465 838 3530 al,
847 3465 922 3535 3831
945 3463 1005 3517 344.
1023 3465 1138 3525 tandem,
1149 3464 1262 3513 venando

88 3536 166 3608 fessa}
198 3535 250 3590 345
269 3553 306 3604 sq.
320 3555 332 3588 c
344 3576 350 3588 .
363 3537 433 3588 llam.
447 3538 493 3589 0d.
506 3534 531 3601 8,
543 3533 594 3588 266
606 3553 659 3602 sqq.
678 3551 754 3588 cura
766 3536 872 3587 Vulcani
884 3535 992 3586 ceruimr
1002 3535 1026 3584 iu
1044 3531 1192 3582 inveniendis
1205 3547 1262 3581 con-

89 3606 230 3673 ficiendisque
249 3607 390 3658 artificiosis
408 3606 518 3669 vinculis,
538 3606 626 3671 quihus
644 3606 768 3656 irretitum
780 3620 834 3654 eum
847 3605 943 3655 Venere
953 3603 1059 3653 Martem
1071 3600 1262 3663 constringeret3

89 3689 113 3723 ea
129 3691 185 3726 rure
202 3676 293 3727 dicitur
310 3675 431 3738 inanis,
455 3681 540 3740 utpote
557 3674 616 3724 nihil
634 3672 778 3741 profutura,
801 3689 858 3723 cum
876 3674 958 3725 Venus
976 3684 1006 3722 eu
1023 3671 1056 3721 sit
1072 3669 1263 3736 pulchritudine,

88 3749 112 3791 ut
126 3761 153 3795 ue
169 3752 237 3796 tanto
249 3743 347 3810 quidem
360 3744 479 3794 dedecore
492 3744 612 3794 deterreri
624 3758 696 3808 posse
707 3743 849 3803 videantur,
866 3743 907 3806 qni
919 3741 1049 3807 amplexus
1067 3739 1122 3788 eius
1130 3743 1223 3818 petant,
1232 3736 1264 3814 51.

91 3810 149 3862 lloa.
160 3814 176 3864 l.
186 3813 202 3862 l.
213 3810 342 3864 330-42,
361 3811 462 3862 Lucian.
473 3812 502 3862 D.
514 3811 542 3862 D.
551 3808 615 3874 17,2
627 3803 703 3876 ,ἐγὼ
714 3813 772 3879 μέν
783 3826 827 3859 τοι
841 3810 889 3874 (ait
899 3806 1050 3874 Mercurius)
1063 3805 1213 3874 ἐφθονουν
1225 3819 1264 3869 τῳ

82 3871 151 3946 Ἄρει,
168 3875 207 3950 μὴ
224 3872 319 3950 μόνον
338 3871 490 3948 φιλήσαντι
504 3872 555 3944 τὴν
569 3878 721 3942 καλλίστην
734 3870 902 3954 usdaudida
919 3879 966 3929 καὶ
984 3875 1003 3926 d
1009 3875 1068 3928 ede
1073 3876 1141 3942 μέν
1148 3869 1261 3993 1531155

90 3947 161 4012 “vri
166 3951 327 4012 e.“-dolor,
338 3965 399 4015 quos
406 3950 447 3999 ille
454 3949 701 4000 struebatahsentiae
707 3949 821 3999 Vulcani.
828 3948 956 4012 —furta
963 3961 988 3996 v·
995 3947 1026 3996 A.
1032 3941 1058 4008 6,
1064 3942 1138 4014 5681
1201 3940 1224 3993 7.
1236 3944 1263 3992 A

91 4015 158 4081 Chao,
175 4035 190 4070 a
207 4019 292 4085 primis
310 4033 393 4069 rerum
410 4014 584 4084 temporibus!
619 4013 679 4068 350.
698 4017 745 4067 diis
763 4017 849 4078 maris,
867 4017 1007 4077 fluviorum,
1024 4014 1126 4064 lontiuru
1145 4011 1264 4086 tribuitur

91 4087 189 4151 supellex
208 4105 222 4138 c
239 4088 315 4150 vitro,
338 4088 475 4155 crystallo,
486 4109 490 4115 ·
502 4087 597 4150 sucino,
621 4086 732 4154 conchis,
756 4083 879 4158 corallia}
915 4081 974 4137 354.
993 4100 1018 4134 v.
1033 4083 1063 4132 ll.
1081 4079 1111 4145 8,
1129 4078 1169 4148 6.1
1203 4074 1262 4130 355.

91 4169 159 4222 Penei
173 4173 211 4222 vel
229 4187 260 4223 ex
278 4173 392 4223 breviato
411 4163 529 4234 Πηνεός,
547 4178 575 4222 ut
589 4162 707 4238 Ἀλφεός
725 4187 771 4237 pro
781 4162 917 4238 Ἀλφειός,
936 4171 976 4219 vel
988 4184 1018 4218 ea
1030 4167 1139 4236 aynizeai
1151 4170 1262 4214 contrac-

93 4261 143 4320 turn,
161 4273 206 4323 que
223 4257 332 4310 vocativi
350 4259 456 4322 Prnnpei
471 4263 496 4308 et
515 4257 605 4310 Vellei
621 4273 660 4324 up.
680 4255 768 4306 Horat.
787 4255 814 4306 C.
833 4253 858 4319 2,
877 4252 901 4318 6,
919 4253 943 4308 5.
962 4255 1007 4322 np.
1026 4253 1051 4316 1,
1070 4250 1094 4314 7,
1111 4247 1169 4312 291
1203 4245 1262 4299 356.
1291 4245 1296 4254 '

93 4328 221 4378 huomiue
242 4333 286 4377 tuo
306 4327 433 4394 appellans
457 4333 534 4377 vocat
551 4327 696 4384 crudelem!
732 4321 792 4375 357.
811 4339 836 4374 v.
855 4324 883 4374 11.
904 4321 934 4386 3,
956 4319 1029 4392 1061
1065 4317 1124 4370 361.
1143 4317 1174 4367 cl.
1193 4316 1263 4366 llom.

93 4389 133 4442 oo.
155 4392 199 4460 11,
225 4391 303 4464 2431
353 4391 413 4446 362.
442 4398 511 4460 sina,
538 4410 646 4445 caverna
674 4395 697 4444 in
726 4394 795 4443 sinas
823 4393 928 4459 speciem
955 4388 1052 4457 factal
1100 4383 1160 4436 364.
1185 4384 1264 4447 lacos,

1045 4471 1059 4496 i

1023 4471 1040 4524 8
