2942 4975
546 327 581 391 P.
603 323 768 390 VIRGILI
790 320 981 389 MARONIS

375 637 1153 759 nunninus

512 853 687 937 LIBER
719 838 1017 937 SEPTIMUS.

90 1154 95 1159 .
175 1109 307 1176 (Tendere
324 1111 443 1176 pervenit
458 1110 572 1172 Aeaeae,
589 1124 641 1173 qao
659 1106 819 1168 intenderat,
839 1108 866 1157 r'a
880 1103 997 1155 lahem.
1014 1132 1049 1141 —
1066 1105 1159 1157 Status
1178 1121 1271 1157 rerum
1289 1110 1367 1158 anti·

175 1183 221 1245 qut
230 1178 309 1229 Latii.
323 1205 358 1214 -
375 1175 487 1226 letinae
499 1190 550 1225 ree
559 1178 692 1243 premittit
703 1178 811 1225 Aeneae
823 1172 968 1235 Lucterium,
986 1175 1096 1223 urticam
1107 1174 1206 1241 filiunt,
1225 1178 1253 1225 in
1264 1178 1366 1226 matri·

174 1250 296 1299 montbar.
332 1244 384 1295 Sed
394 1244 499 1294 lunonis
511 1244 625 1295 consiliis
642 1245 786 1294 turbantur
802 1245 897 1293 orinia.
934 1241 1049 1307 Populus
1062 1241 1173 1293 Latinus
1187 1258 1250 1293 eunt
1265 1241 1365 1308 tunm,

176 1331 239 1380 rege
256 1313 422 1377 danbrum,
438 1315 608 1379 praereptum
624 1314 676 1362 sobi
691 1312 723 1361 ab
739 1313 831 1361 Aenea
850 1309 987 1361 Lavrhiam
1006 1310 1116 1376 indigue
1127 1309 1247 1375 serente,
1264 1312 1365 1363 bellum

255 1386 375 1448 apparat.
393 1408 427 1417 —
444 1372 575 1431 hemme
590 1380 742 1446 populorum
760 1378 856 1429 Italiae
874 1382 967 1429 casim
988 1376 1075 1429 Turni
1091 1378 1280 1447 sequentium.)

262 1619 311 1682 Tu
333 1636 460 1699 quoque
482 1617 629 1682 litoribus
650 1616 783 1697 nostris,
805 1616 928 1683 Aeneia
949 1617 1066 1696 nutrix,

261 1705 437 1768 Aeternam
457 1700 597 1767 moriens
618 1700 750 1781 lamam,
773 1702 897 1781 Caieta,
920 1702 1051 1781 dedisti3

261 1789 305 1854 Et
326 1806 411 1852 nune
433 1791 541 1851 servat
561 1786 663 1852 honos
685 1787 795 1852 sedem
818 1792 905 1866 tuus,
929 1804 1064 1868 ossaque
1086 1805 1203 1852 nomen

261 1872 475 1955 Hesperiam
497 1890 624 1953 magna,
646 1870 673 1936 si
695 1878 759 1953 qua
782 1879 832 1937 est
854 1891 892 1937 ea
914 1872 1029 1954 gloria,
1051 1872 1188 1955 signant.

111 1999 115 2006 ,
219 1957 241 2021 5
263 1959 307 2024 At
328 1957 400 2039 pius
421 1956 579 2038 exsequiis
601 1958 727 2022 Aeneas
750 1957 811 2022 rite
834 1957 956 2036 solutis,

262 2045 391 2125 Aggere
413 2040 579 2124 conposito
601 2042 728 2121 tumuli,
751 2047 921 2125 postquam
944 2042 1011 2107 alta
1033 2042 1194 2123 quierunt

263 2128 426 2209 Aequora,
447 2126 553 2192 tendit
573 2127 637 2193 iter
657 2127 751 2207 velis,
777 2132 969 2210 portumque
991 2128 1152 2209 relinquit

264 2212 439 2295 Adspirant
460 2231 557 2277 arnae
578 2212 612 2276 iu
633 2218 777 2292 noctem,
803 2231 863 2279 nec
886 2212 1021 2277 candida
1043 2230 1154 2278 cursus

261 2299 354 2363 Luna
375 2303 486 2379 negat,
507 2298 657 2380 splendet
678 2298 817 2363 tremulo
840 2298 898 2363 sub
921 2298 1041 2363 lumine
1063 2304 1190 2380 pontus.

200 2383 241 2449 10
263 2385 423 2449 Proxuma
445 2383 596 2449 Circaeae
617 2383 776 2449 raduntur
796 2383 893 2448 litora
914 2388 1030 2463 terrae,

262 2470 360 2535 Dives
381 2470 561 2535 inaccessos
582 2469 638 2534 ubi
660 2467 743 2534 Solis
765 2468 832 2534 filia
852 2468 942 2534 lucos

261 2555 404 2620 Adsiduo
426 2561 557 2620 resonat
579 2559 690 2633 cantu,
713 2555 873 2636 tectisque
895 2553 1053 2635 superbis

263 2641 339 2706 Urit
361 2640 527 2704 odoratam
548 2645 708 2705 nocturna
728 2639 763 2703 in
784 2639 907 2704 lumina
929 2639 1068 2718 cedrum,

264 2727 388 2806 Arguto
410 2725 517 2789 tenuis
538 2743 730 2807 percurrens
752 2725 881 2806 pectine
903 2724 993 2790 telas.

201 2810 241 2874 15
263 2810 347 2874 Hine
368 2809 511 2875 exaudiri
533 2809 671 2891 gemitus
691 2810 824 2890 iraeque
846 2811 974 2875 leonum

263 2895 377 2960 Vincla
397 2900 602 2959 recusantum
626 2900 660 2959 et
681 2913 754 2960 sera
776 2895 834 2960 sub
856 2900 952 2960 nocte
973 2894 1155 2971 rudentum,

264 2979 486 3061 Saetigerique
509 2998 583 3044 sues
605 2984 701 3061 atque
723 2980 758 3044 iu
779 2981 987 3062 praesepibus
1009 2978 1076 3044 ursi

265 3064 408 3144 Saevire,
431 3083 468 3129 ac
490 3064 612 3130 formae
633 3083 822 3147 magnorum
843 3066 968 3130 ululare
990 3065 1146 3146 luporum,

265 3149 352 3228 Quos
373 3149 537 3215 bominum
559 3169 598 3216 ex
619 3149 702 3215 facie
725 3151 787 3216 dea
809 3169 905 3216 saeva
925 3149 1112 3234 potentibus
1133 3145 1242 3214 herbis

200 3235 245 3299 20
266 3236 420 3301 Induerat
442 3235 534 3300 Circe
555 3236 589 3300 iu
610 3236 717 3301 voltus
740 3253 777 3301 ac
800 3240 892 3323 terga
913 3235 1063 3301 ferarum.

249 3463 379 3510 aeneid.
398 3463 431 3508 1..
450 3416 524 3509 1111.
562 3456 653 3508 1-36.
674 3455 774 3508 Caieta.
811 3457 900 3508 Irteulu
919 3457 1013 3508 Circes.
1042 3457 1182 3524 Apelleae
1202 3453 1368 3508 Troiear‘ad

180 3532 266 3594 ripam
287 3525 409 3595 Tiberis}
445 3524 468 3576 1.
491 3526 529 3578 Tu
545 3542 649 3592 qunque,
668 3534 696 3576 ut
712 3525 823 3577 Misenus
842 3541 871 3576 ae
889 3524 1021 3576 Palinurus
1040 3472 1255 3591 6134131111
1290 3523 1308 3576 3
1327 3541 1366 3591 sq.

180 3611 204 3644 v.
225 3596 250 3658 6,
267 3593 326 3647 507.
344 3597 473 3646 —honos
491 3600 562 3657 taos,
579 3595 620 3659 qui
638 3596 682 3645 tibi
701 3595 808 3646 debetur
826 3596 987 3659 habeturque.
1004 3622 1037 3632 -
1055 3610 1116 3645 oasa
1134 3599 1225 3643 omnen
1243 3597 1366 3658 arguerat,

180 3678 239 3712 ossa
258 3671 302 3714 tua
319 3665 446 3729 imponunt
463 3671 488 3714 et
505 3665 577 3728 quasi
594 3664 735 3730 imprimunt
753 3663 776 3714 el
793 3664 846 3713 loeo
866 3677 965 3726 nemen,
991 3669 1116 3728 tamquam
1138 3663 1234 3725 signum
1253 3661 1367 3728 aliquod,

180 3747 228 3794 quo
247 3731 289 3781 ille
307 3740 432 3783 noscatur.
445 3761 476 3770 -
496 3732 518 3783 ll
536 3731 625 3782 Caieta
641 3748 727 3782 nomen
747 3733 821 3782 habet
838 3738 864 3782 et
881 3732 942 3782 urbs
960 3738 986 3781 et
1004 3728 1218 3798 promontorium!
1253 3729 1279 3780 4.
1298 3733 1326 3780 si
1341 3747 1366 3796 q.

180 3801 293 3917 gae>
310 3800 546 3938 ogpgeqq
563 3799 772 3921 tillut·
785 3799 911 3920 blial
924 3796 1230 3919 luthaltltflltll
1244 3801 1369 3918 illiti?

181 3951 212 3984 ea
230 3931 257 3996 6,
274 3931 325 3986 355
344 3938 393 4001 sq!
429 3886 542 3999 {neella
559 3906 745 3995 velificatione!
782 3934 822 3988 10.
844 3939 976 3999 Circeii,
1000 3938 1193 4003 promontorium
1210 3935 1293 3998 Latii,
1310 3942 1366 3985 tum

181 4003 266 4053 Circes
283 4004 374 4066 insula,
392 4011 479 4069 postea
491 4004 541 4069 (uti
559 4006 663 4055 tradunt
680 4005 879 4070 Theophrastus,
897 4004 990 4066 Varro,
1008 4004 1064 4071 alii)
1083 4005 1280 4054 coniuncturum
1293 4009 1365 4053 terra

181 4070 334 4136 continenti!
369 4069 402 4122 11
420 4088 473 4137 sqq.
498 4072 529 4122 ci.
548 4072 618 4127 Hom.
637 4073 730 4140 Odyss.
758 4069 1147 4138 10,135sqq.-oraeeea.,
1172 4087 1219 4138 quo
1243 4072 1367 4122 accedere

181 4140 346 4205 periculosum
370 4147 433 4208 estq
469 4137 510 4189 13.
528 4139 559 4190 cf.
584 4141 653 4190 Horu.
679 4141 772 4208 Odyss.
797 4137 822 4202 5,
840 4137 874 4191 59
891 4156 945 4206 sqq.
969 4167 1002 4177 -
1026 4145 1092 4191 noct.
1117 4144 1144 4192 in
1167 4141 1193 4204 l,
1217 4146 1247 4192 ut
1268 4147 1365 4190 noctem

183 4208 335 4278 collustret}
370 4205 411 4258 14.
434 4208 466 4257 el.
489 4206 519 4258 G.
545 4208 569 4271 l,
592 4205 644 4258 293
662 4207 714 4272 aql
751 4205 790 4258 17.
806 4224 937 4275 praecep,
961 4208 1082 4272 stabulis,
1104 4217 1133 4260 ut
1156 4223 1194 4259 vs.
1212 4205 1285 4265 2751
1322 4205 1365 4257 18.

181 4276 262 4339 Scau,
281 4291 373 4327 saevas
390 4292 465 4327 voees
483 4277 565 4326 edera.
583 4303 618 4312 -
636 4275 791 4326 Vocabulum
802 4277 899 4342 sernia
920 4278 1043 4328 interdum
1061 4279 1176 4340 designat
1193 4282 1364 4342 portentosum

182 4347 373 4410 magnitudinem
390 4345 526 4396 bestiarum
543 4353 573 4396 ut
590 4344 663 4395 Ovid.
681 4344 741 4394 Met.
759 4343 785 4408 2,
798 4341 840 4408 la,
857 4347 932 4396 etium
951 4345 1062 4410 deorum,
1081 4353 1109 4396 nt
1126 4346 1173 4396 Cv.
1192 4343 1251 4394 hiet.
1271 4340 1297 4407 1,
1309 4339 1365 4410 lit}
