2942 4975
212 327 274 396 198
583 319 617 383 Ρ.
640 314 806 381 VIRGILI
827 314 1018 380 MARONIS

213 510 278 578 550
300 509 582 590 Graiugenumque
604 504 715 568 domos
738 506 951 584 suspectaque
972 501 1145 581 hnquimus
1167 520 1251 566 arva

299 596 383 660 Hinc
405 593 492 658 sinus
515 587 680 667 Herculei,
703 588 730 652 si
752 605 829 652 vera
850 591 900 652 est
922 585 1020 664 fama,
1043 586 1178 650 Tarenti

302 679 464 756 Cernitur,
488 675 609 740 attollit
631 692 666 738 se
688 673 762 738 diva
783 671 916 742 Lacinia
938 677 1060 749 contra,

303 763 515 842 Caulonisque
539 777 628 824 arcos
652 763 686 822 et
708 756 908 839 navifragum
931 756 1126 838 Scylaceum.

250 927 251 930 Ἴ
303 849 384 913 Tum
405 847 519 929 procul
542 863 560 908 e
582 843 682 908 fluctu
705 843 870 908 Trinacria
891 842 1034 906 cernitur
1055 842 1168 920 Aetna,

216 934 280 1000 555
301 934 345 998 Et
367 932 521 1014 gemitum
541 930 708 1010 Ingentem
730 928 836 1010 pelagi
857 928 1049 1008 pulsataque
1070 946 1147 992 saxa

302 1018 457 1083 Audimus
479 1016 574 1096 louge
596 1013 779 1094 fractasque
801 1013 841 1078 ad
864 1013 960 1076 litora
980 1015 1085 1091 voces,

303 1101 538 1181 Exsultantque
561 1099 654 1177 vada,
678 1103 776 1180 atque
799 1102 891 1163 aestu
912 1097 1088 1162 miscentur
1109 1115 1236 1162 arenae.

302 1187 346 1251 Et
367 1190 461 1266 pater
482 1184 650 1250 Anchises:
673 1183 831 1248 Nimirum
852 1183 933 1248 haec
954 1182 1011 1272 illa
1033 1182 1223 1264 Charybdim

302 1270 371 1335 Hos
393 1269 537 1334 Helenus
559 1270 715 1350 scopulos,
737 1269 817 1333 haec
839 1287 916 1332 saxa
936 1268 1097 1332 horrenda
1120 1268 1263 1333 canebat.

218 1355 283 1422 560
303 1355 439 1436 Eripite,
462 1370 481 1417 o
504 1354 594 1434 socii,
616 1355 801 1435 pariterque
822 1353 979 1434 insurgite
1001 1353 1108 1417 remis

302 1439 398 1504 Haud
419 1439 525 1504 minus
546 1459 584 1504 ac
605 1439 683 1504 iussi
705 1438 839 1516 faciunt,
865 1438 1051 1519 primusque
1073 1437 1245 1503 rudentem

304 1524 467 1589 Contorsit
489 1525 596 1588 laevas
618 1543 747 1604 proram
769 1524 939 1587 Palinurus
962 1524 1002 1587 ad
1024 1524 1138 1601 undas3

302 1610 442 1674 Laevum
464 1614 580 1674 cuncta
603 1608 715 1673 cohors
736 1608 834 1672 remis
855 1608 1024 1689 ventisque
1046 1608 1169 1688 petivit

305 1693 460 1757 Tollimur
481 1694 514 1756 in
539 1693 662 1758 caelum
686 1698 817 1758 curvato
840 1693 981 1774 gurgite,
1004 1697 1038 1757 et
1058 1693 1144 1757 idern

219 1776 283 1842 565
305 1777 469 1842 Subducta
490 1779 531 1842 ad
553 1778 656 1842 Manis
678 1779 759 1843 imos
782 1775 963 1843 desedimus
985 1779 1079 1842 unda

305 1863 369 1926 Ter
391 1863 513 1943 scopuli
536 1863 707 1926 clamorem
729 1863 816 1928 inter
839 1883 916 1928 cava
937 1881 1015 1927 saxa
1035 1862 1168 1942 dedere;

306 1947 369 2011 Ter
391 1965 536 2028 spumam
559 1948 670 2012 ellsam
693 1952 725 2013 et
747 1949 891 2013 rorantia
911 1947 1048 2013 vidimus
1070 1952 1165 2013 astra

304 2031 435 2096 Interea
456 2031 558 2097 fessos
580 2037 694 2098 ventus
718 2052 789 2098 cum
812 2035 880 2098 sole
902 2034 1041 2114 reliquit,
1093 2048 1100 2064 ’

305 2116 477 2198 Ignarique
500 2118 569 2182 viae
594 2117 767 2200 Cyclopum
789 2119 968 2184 adlabimur
989 2120 1063 2182 oris.

220 2199 284 2266 570
389 2203 506 2268 Portus
529 2204 568 2269 ab
592 2221 724 2268 accessu
745 2208 915 2268 ventorum
935 2205 1077 2268 inmotus
1100 2209 1134 2268 et
1153 2203 1269 2284 ingens

305 2287 393 2369 Ipse;
416 2289 473 2352 sed
496 2287 651 2356 horrificis
673 2288 763 2354 iuxta
785 2295 877 2354 tonat
898 2291 1004 2355 Aetna
1024 2289 1133 2369 ricinia,
1195 2340 1201 2346 .

304 2373 535 2454 Interdumque
557 2379 661 2440 atram
682 2375 862 2456 prorumpit
884 2376 925 2438 ad
946 2375 1080 2439 aethera
1101 2374 1228 2454 nubem,

306 2457 445 2525 Turbine
467 2457 643 2525 fumantem
665 2461 756 2542 piceo
780 2465 814 2525 55
836 2461 994 2526 candente
1015 2459 1134 2539 favilla,

305 2544 499 2625 Attollitque
521 2546 633 2626 globos
656 2545 855 2611 flammarum
878 2551 911 2611 et
933 2546 1040 2610 sidera
1061 2545 1187 2625 lambit3

219 2624 284 2693 575
305 2628 473 2693 Interdum
495 2632 642 2711 scopulos
665 2632 837 2713 avolsaque
859 2632 982 2695 viscera
1003 2632 1121 2696 montis

305 2712 410 2793 Erigit
432 2719 595 2794 eructans,
617 2716 854 2798 liquefactaque
876 2736 952 2782 saxa
973 2717 1032 2780 sub
1055 2734 1147 2780 auras

307 2795 387 2862 Cum
409 2799 530 2879 gemitu
552 2802 719 2881 glomerat,
748 2802 911 2883 fundoque
935 2806 1102 2867 exaestuat
1122 2802 1196 2866 imo.

305 2881 404 2965 Fama
427 2888 476 2947 est
498 2886 652 2950 Enceladi
674 2888 862 2953 semiustum
884 2886 1018 2952 fulmine
1041 2905 1155 2968 corpus

305 2966 445 3047 Urgueri
467 2970 551 3033 mole
572 2971 645 3050 hac,
667 2972 896 3054 ingentemque
918 2974 1049 3053 insuper
1070 2973 1210 3037 Aetnam
1309 3038 1313 3044 ,

220 3049 285 3115 580
306 3052 482 3133 Inpositam
504 3056 607 3136 ruptis
630 3056 788 3121 flammam
812 3058 972 3139 exspirare
996 3058 1139 3135 caminis3

305 3138 350 3201 Et
371 3136 490 3203 fessum
512 3142 660 3221 quotiens
684 3148 789 3226 mutet
810 3144 908 3222 latus,
930 3143 1104 3206 intremere
1126 3159 1254 3205 omnem

307 3223 472 3289 Murmure
496 3226 691 3292 Trinacriam
715 3233 749 3293 et
771 3230 895 3293 caelum
916 3228 1088 3293 subtexere
1108 3226 1206 3291 fumo.

219 3408 254 3419 ·-
272 3381 427 3442 velatarum,
445 3379 507 3429 velis
524 3380 689 3439 indutarum!
723 3380 782 3431 551.
801 3385 828 3430 ri
843 3397 864 3430 5.
884 3400 905 3432 e.
917 3382 955 3446 s,
974 3382 995 3430 si
1012 3396 1100 3432 verum
1117 3386 1157 3429 est
1175 3380 1208 3429 55
1220 3380 1327 3431 Hercule
1343 3381 1390 3439 (nou

220 3464 236 3499 u
247 3450 369 3511 Taranta,
381 3449 431 3499 lilio
441 3450 561 3515 Neptuni)
574 3450 697 3501 conditum
715 3446 795 3509 55551
829 3447 888 3501 552.
906 3450 931 3499 15
943 3449 1110 3518 promontorio
1122 3447 1224 3498 Lacinio
1237 3455 1296 3497 crat
1306 3447 1391 3514 celebro

220 3519 336 3582 templum
354 3518 454 3570 lunonis
472 3515 612 3587 Laciniae!
647 3516 705 3570 554.
724 3536 738 3568 e
748 3520 791 3585 fl„
815 3519 847 3567 ab
871 3519 946 3574 altat
983 3514 1041 3569 556.
1052 3517 1142 3582 fruct,
1166 3530 1253 3578 55555,
1279 3516 1391 3579 fragorem

219 3586 306 3649 muris,
323 3586 354 3637 cf.
373 3604 412 3637 vs.
431 3584 504 3654 6681
541 3584 600 3637 557.
617 3590 705 3649 arico,
728 3587 856 3649 agitantur
879 3588 902 3636 in
927 3587 1004 3637 fundo
1026 3586 1103 3635 maris
1125 3592 1152 3635 et
1174 3585 1270 3634 mixtae
1295 3585 1356 3634 iuter
1371 3597 1391 3631 55

220 3668 321 3703 sursum
339 3656 497 3725 5555555551
533 3653 584 3707 558
597 3671 633 3719 sq.
651 3658 714 3705 bueo
726 3655 772 3705 itta
791 3650 871 3720 (αὕτη
886 3653 998 3723 ἐκείνη).
1018 3656 1053 3705 515
1069 3654 1207 3717 loquuntur
1218 3652 1333 3715 Romani,
1348 3665 1392 3701 cuu

221 3736 253 3770 ex
266 3736 350 3771 rerum
362 3730 488 3775 certarum
502 3724 674 3775 recordatione
686 3725 853 3775 coniecturam
865 3723 966 3788 capiunt
977 3725 1044 3773 hand
1053 3722 1162 3783 dubiam,
1173 3720 1205 3771 cf.
1218 3736 1257 3770 vs.
1267 3716 1392 3771 410-421

220 3795 247 3839 θῑ
263 3796 287 3838 V·
308 3786 332 3851 7,
349 3790 423 3862 2551
460 3790 518 3845 560.
537 3794 607 3859 Erip.
627 3809 672 3843 uos
691 3808 705 3842 5
723 3792 846 3858 periculo}
882 3789 942 3841 561.
960 3806 985 3839 v.
1003 3794 1042 3841 vs.
1060 3786 1119 3840 236.
1137 3817 1172 3825 -
1189 3789 1267 3850 rud„
1292 3789 1393 3852 graviter

220 3864 367 3922 gementem,
385 3862 472 3926 quippe
493 3877 589 3913 summa
607 3863 632 3911 vi
650 3860 812 3926 contortam!
845 3855 902 3909 565
922 3875 992 3910 curo.
1009 3877 1048 3925 g,
1066 3858 1098 3907 ef.
1117 3858 1186 3907 Hom.
1205 3856 1235 3907 11.
1253 3854 1281 3919 4,
1298 3855 1355 3907 426.
1368 3880 1394 3891 -

219 3924 297 3987 511555,
315 3940 339 3975 v.
358 3928 386 3978 E.
406 3927 430 3991 1,
447 3927 505 3995 331
540 3924 599 3980 565.
618 3930 711 3993 dated„
730 3928 872 3979 Perfectum
890 3929 962 3977 verbi
979 3928 1085 3988 deside,
1108 3926 1139 3976 cf.
1163 3924 1189 3988 5,
1206 3921 1267 3975 841.
1288 3924 1329 3987 10,
1346 3921 1393 3976 301.

219 3993 248 4045 E.
268 3989 351 4058 7,1.Ι
386 3993 445 4047 567.
469 4002 570 4048 rorant.
595 4016 636 4060 5.,
659 4014 749 4063 aquam
773 3999 824 4047 alte
847 3998 952 4047 eiectam
976 3997 1043 4046 roris
1066 3997 1148 4045 instar
1167 3995 1288 4057 guttatim
1312 3989 1394 4043 deferri

220 4064 336 4128 vidimus,
353 4081 378 4113 v.
397 4080 436 4115 vs.
456 4062 533 4130 6101
567 4064 626 4118 571.
645 4075 740 4131 portus·
752 4069 814 4131 ipae,
831 4066 847 4115 i.
859 4082 882 4115 e.
901 4065 970 4115 solus
989 4081 1034 4129 per
1051 4080 1079 4113 se
1097 4069 1236 4128 spectatus,
1254 4061 1394 4127 tranquillus

220 4140 272 4195 est,
295 4134 339 4183 sed
357 4134 438 4183 Aetna
459 4133 483 4183 in
506 4134 597 4185 vicinia
619 4141 707 4185 tonans
726 4134 811 4198 implet
824 4149 881 4183 cum
899 4136 1012 4183 horrore.
1031 4161 1065 4169 —
1084 4135 1157 4182 tonet
1174 4133 1280 4194 ruinis,
1306 4130 1395 4192 fragore

220 4210 330 4265 resonat,
349 4216 420 4267 quem
438 4200 534 4253 fuciunt
551 4204 638 4253 ruinae
656 4203 782 4253 viscerum
799 4203 899 4265 montis,
917 4201 948 4250 cf.
967 4217 1006 4251 vs.
1018 4197 1070 4251 575
1082 4196 1151 4264 sqq!
1185 4195 1246 4249 579.
1264 4199 1395 4249 55515555.Ι

219 4270 244 4319 15
263 4270 347 4323 soluta
364 4270 476 4321 oratione
494 4271 603 4321 diceres:
623 4271 685 4320 mole
704 4271 798 4333 ingenti
810 4272 882 4321 huius
895 4271 993 4333 montis,
1011 4270 1054 4335 qui
1065 4268 1102 4317 illi
1114 4266 1263 4328 (Encelado)
1276 4267 1396 4333 impositu

219 4340 332 4405 exspiret
349 4342 373 4389 u.
392 4367 426 4377 -
442 4342 557 4406 insuper,
575 4355 600 4391 v,
620 4337 644 4401 1,
662 4333 720 4403 611
754 4334 813 4391 580.
824 4341 969 4405 flammam
986 4338 1018 4387 ab
1037 4336 1163 4387 Encelado
1180 4338 1323 4400 proflatam,
1342 4346 1396 4401 quac

990 4803 1417 4909 Α,
