2942 4975
197 292 265 361 loe
571 290 606 355 P.
628 286 794 353 VIRGILI
816 284 1006 351 MARONIS

287 478 439 559 Concutit
460 481 494 543 et
513 476 660 541 stimulos
681 474 742 540 sub
763 477 896 554 pectore
917 471 1018 537 vertit
1038 470 1164 553 Apollo.

284 564 331 631 Ut
351 564 489 646 primum
512 561 609 626 cessit
630 557 721 624 iuror
743 562 777 622 et
798 557 910 623 rabide
931 575 988 621 ora
1009 556 1168 638 quierunt,

284 649 401 730 Incipit
422 649 550 713 Aeneas
572 646 680 710 heros:
702 644 775 708 Nou
797 642 866 707 ulla
886 642 1041 719 laborum,

285 734 313 801 0
335 733 438 814 virgo,
459 750 543 796 nove
564 730 607 794 mi
628 729 726 795 facies
747 728 917 810 inopinave
939 727 1055 808 surgis

200 819 263 885 105
285 818 401 885 Omnia
420 815 572 899 praecepi
593 819 690 896 atque
712 814 819 878 animo
841 830 966 877 mecum
988 817 1064 876 ante
1086 812 1205 894 peregi.

283 904 392 971 Unum
414 920 485 967 oro:
508 900 636 982 quando
657 898 710 963 hic
731 897 849 963 inferni
870 898 967 963 ianua
987 896 1075 979 regis

282 988 408 1054 Dicitur
431 991 465 1051 et
486 985 659 1051 tenebrosa
678 984 771 1065 palus
793 982 976 1048 Acheronte
998 981 1115 1062 refuso,

283 1075 336 1138 Ire
358 1073 399 1138 ad
422 1074 628 1153 conspectum
650 1069 716 1134 cari
738 1067 893 1151 genitoris
916 1070 950 1131 et
972 1085 1029 1131 ora

286 1157 471 1239 Contingat
494 1156 609 1221 doceas
630 1154 694 1220 iter
715 1158 750 1219 et
771 1172 862 1219 sacra
883 1153 966 1217 ostia
987 1152 1117 1233 pandas.
1175 1182 1184 1193 -

199 1243 263 1308 110
283 1244 379 1308 Illum
403 1260 462 1323 ego
484 1259 543 1322 per
564 1239 707 1305 flammas
729 1242 764 1302 et
784 1238 872 1303 mille
894 1237 1062 1319 sequentia
1084 1238 1150 1302 tela

284 1326 396 1409 Eripui
416 1327 466 1391 his
487 1325 629 1391 humeris
651 1323 819 1405 medioque
842 1341 881 1387 ex
902 1323 995 1387 hoste
1016 1323 1139 1403 recepi;

182 1492 186 1498 q
284 1413 345 1478 Ille
365 1430 472 1476 meum
495 1410 664 1476 comitatus
685 1409 749 1473 iter
770 1407 871 1473 maria
893 1406 999 1473 omnia
1021 1426 1145 1473 meeum

284 1499 390 1579 Atque
414 1497 516 1562 omnis
537 1494 706 1578 pelagique
728 1494 831 1559 minas
853 1493 996 1574 caelique
1017 1491 1151 1571 ferebat,

284 1582 459 1661 invalidus,
481 1581 557 1646 viris
579 1581 666 1645 ultra
687 1584 871 1659 sortemque
892 1583 1051 1643 senectae.

199 1667 262 1734 115
284 1668 377 1747 Quin,
398 1671 435 1732 ut
456 1671 490 1731 te
511 1667 645 1748 supplex
666 1668 813 1746 peterem
834 1667 868 1727 et
889 1667 947 1727 tua
968 1663 1078 1728 limina
1100 1662 1229 1742 adirem,

284 1753 373 1817 Idem
397 1769 492 1816 orans
513 1750 665 1816 mandata
686 1748 792 1813 dabat.
838 1747 1000 1829 Gnatique
1022 1748 1196 1830 patrisque,

284 1837 392 1915 Alma,
412 1853 542 1919 precor,
563 1835 731 1913 miserere,
753 1869 797 1879 -
817 1837 911 1914 potes
933 1852 1070 1914 namque
1091 1832 1209 1912 omnia,
1231 1850 1292 1899 nee
1314 1838 1349 1899 te

284 1922 486 2003 Nequiquam
507 1920 588 1985 lucis
609 1920 733 1984 Hecate
754 1916 912 2000 praefecit
933 1918 1082 1996 Averuis;
1104 1955 1148 1967 -

284 2005 318 2071 Si
340 2006 447 2087 potuit
465 2005 571 2070 Manis
593 2021 757 2069 arcessere
780 2002 923 2085 coniugis
945 2003 1101 2085 Orpheus,

184 2091 263 2180 Ι120
284 2089 432 2156 Threicia
452 2089 556 2155 fretus
577 2089 700 2155 cithara
720 2086 899 2170 fidibusque
923 2089 1056 2168 canoris,

284 2175 318 2241 Si
337 2175 472 2241 fratrem
491 2176 607 2241 Pollux
628 2174 755 2239 alterna
776 2178 881 2238 morte
903 2174 1049 2251 redemit,

282 2261 377 2342 Itque
399 2262 547 2343 reditque
568 2261 652 2325 viam
674 2260 802 2324 totiens,
848 2258 930 2335 Quo
953 2258 1079 2323 Thesea
1100 2277 1258 2341 magnum,

284 2346 367 2425 Quid
389 2365 563 2412 memorem
583 2344 741 2412 Alciden?
776 2348 810 2409 et
830 2344 873 2409 mi
897 2361 997 2425 genus
1020 2344 1060 2409 ab
1083 2344 1159 2409 Iove
1182 2362 1314 2415 summo.

366 2432 498 2499 Talibus
519 2431 632 2498 orabat
654 2429 749 2496 dictis
772 2447 907 2512 arasque
930 2429 1071 2510 tenebat,

198 2516 261 2582 125
283 2516 362 2583 Cum
383 2518 429 2584 sic
451 2535 525 2583 orsa
545 2517 634 2599 loqui
653 2521 758 2581 vates:
782 2515 858 2580 Sate
880 2515 1036 2597 sanguiue
1058 2515 1174 2594 divom,
1262 2590 1266 2598 ¹

283 2604 364 2669 Tros
385 2603 591 2681 Anchisiade,
613 2600 716 2667 facilis
739 2601 912 2666 descensus
934 2601 1077 2680 Anemo,

282 2687 402 2752 Noctes
425 2692 522 2768 atque
544 2687 613 2752 dies
635 2690 725 2769 patet
750 2686 811 2750 atri
832 2686 929 2750 ianua
949 2685 1048 2764 Ditis;

282 2771 348 2841 seu
368 2789 521 2837 revocare
543 2772 678 2853 gradum
699 2789 896 2852 superasque
919 2771 1055 2836 evadere
1078 2771 1119 2836 ad
1141 2787 1243 2850 auras,

281 2855 353 2921 Hoc
376 2875 470 2939 opus,
491 2855 544 2922 hic
565 2857 657 2921 labor
679 2859 738 2920 est.
782 2855 892 2934 Pauci,
915 2874 994 2936 quos
1017 2874 1138 2937 aequus
1160 2855 1279 2920 amavit

199 2940 507 3024 1301uppiteraut
529 2943 645 3006 ardeus
668 2941 774 3005 evexit
796 2941 836 3005 ad
858 2941 992 3005 aethera
1013 2942 1124 3020 virtus,

281 3026 339 3090 Dis
361 3025 463 3108 geniti
483 3030 628 3108 potuere.
671 3026 797 3090 Tenent
819 3025 925 3090 media
946 3026 1052 3092 omnia
1073 3025 1181 3106 silvae,

283 3110 484 3193 Coeytosque
506 3111 579 3175 sinu
599 3111 712 3176 labens
735 3110 943 3176 circumvenit
964 3116 1044 3176 atro.

283 3195 375 3275 Quod
396 3197 424 3261 si
445 3200 555 3261 tantus
577 3215 667 3262 amor
681 3196 802 3275 -meuti,
824 3196 851 3260 si
873 3200 965 3261 tauta
987 3196 1110 3278 cupido,

281 3282 337 3347 Bis
359 3279 486 3364 Stygios
508 3283 621 3348 innam
641 3282 745 3360 lacus,
767 3281 816 3345 bis
838 3281 930 3363 nigra
951 3281 1060 3346 videre

194 3510 217 3547 o.
233 3500 277 3559 A,
295 3497 311 3546 i.
330 3512 351 3546 e.
369 3496 405 3546 ita
422 3501 546 3561 temperat
562 3495 651 3560 Apollo
669 3494 818 3545 concitatum
837 3495 948 3563 Sibyllae
966 3501 1059 3561 pectus,
1077 3503 1106 3547 ut
1122 3496 1146 3546 el
1164 3511 1210 3546 non
1227 3495 1303 3546 liceat
1320 3497 1381 3546 sim·

193 3565 282 3632 pliccrn
299 3580 383 3616 rerum
401 3564 533 3614 veritatem
551 3578 678 3629 promere,
702 3565 746 3612 sed
770 3570 798 3613 ut
816 3564 948 3627 ambagum
967 3565 1119 3615 obscuritate
1136 3565 1248 3616 involvat
1266 3579 1364 3615 verum.

196 3629 255 3683 101.
273 3636 359 3697 vertit,
377 3633 431 3696 igit
447 3633 603 3698 intorquens,
627 3647 674 3697 qno
699 3631 775 3682 altius
799 3630 948 3698 penetrent}
983 3629 1033 3684 104
1051 3648 1087 3698 sq.
1112 3632 1143 3683 cl.
1162 3631 1187 3695 3,
1204 3629 1264 3684 458.
1281 3629 1341 3696 5,7

194 3699 248 3766 eq!
283 3697 342 3750 107.
360 3700 433 3766 palus
445 3702 582 3751 Acherusia
595 3700 679 3751 Cumis
696 3700 786 3763 vicina,
804 3715 876 3765 quain
895 3716 926 3750 ex
940 3702 1077 3751 Acheronte
1094 3703 1235 3752 exundante
1254 3701 1379 3766 (refuso)

194 3774 276 3820 ortum
293 3768 439 3837 putabant!
476 3766 527 3819 115
543 3785 581 3835 sq.
599 3767 631 3820 cl.
648 3766 674 3832 5,
692 3764 744 3819 735
761 3766 814 3835 sq!
850 3767 975 3820 118155.
995 3772 1055 3834 Ao.,
1096 3785 1209 3834 arquos
1234 3770 1379 3820 aditnsest

194 3838 226 3888 ud
245 3833 344 3898 inferos,
362 3835 393 3888 cf.
412 3852 450 3886 vs.
469 3833 543 3901 1311
577 3834 635 3888 119.
653 3837 741 3900 Iunge:
761 3840 886 3888 miserere
958 3837 999 3900 Si,
1022 3853 1047 3888 v.
1066 3786 1096 3888 (ip
1116 3838 1139 3900 1,
1159 3835 1182 3888 7.
1201 3865 1235 3875 -
1252 3836 1302 3888 Res
1321 3838 1379 3904 ipsa

193 3907 314 3956 narratur
332 3901 362 3953 G.
380 3902 405 3967 4,
423 3901 474 3956 467
493 3900 560 3971 sqq!
595 3903 653 3956 121.
670 3903 1120 3975 eruum.0uyss.11‚300-304.1
1156 3904 1207 3956 122
1219 3922 1256 3971 sq.
1278 3902 1379 3956 Thesea

246 3971 372 4033 Alciden,
389 3973 431 4036 qui
448 3987 508 4037 uon,
525 3982 555 4024 ut
571 3974 686 4040 Orpheus
703 3980 729 4023 et
747 3972 850 4035 Pollux,
875 3974 959 4039 aliqua
976 3976 1077 4026 deorum
1095 3975 1263 4026 misericordia
1282 3974 1380 4036 contisi,

194 4042 238 4092 red
255 4039 308 4090 suis
325 4039 422 4090 viribus
445 4040 505 4090 freti
526 4043 704 4093 descenderunt
728 4043 760 4092 ad
783 4040 903 4110 inferos!
939 4040 996 4095 123.
1016 4043 1049 4093 m
1066 4059 1101 4093 m.
1119 4059 1148 4109 g.
1167 4046 1199 4094 ab
1217 4042 1237 4093 Ι.
1255 4059 1292 4092 a:
1315 4057 1380 4106 ergo

192 4109 260 4174 inihi,
277 4123 359 4174 spero,
373 4108 437 4157 idern
448 4108 539 4158 licebit.
568 4110 632 4162 Erat
643 4117 726 4160 autem
739 4111 835 4160 Aeneas
847 4126 923 4177 nepos
934 4109 1001 4162 levis
1013 4127 1045 4161 ex
1058 4111 1142 4175 Dione,
1155 4118 1235 4162 matre
1247 4107 1381 4178 venees!

193 4174 252 4230 124.
271 4192 295 4226 v.
313 4174 339 4238 4,
356 4171 433 4240 2131
466 4174 526 4228 126.
543 4181 662 4241 Λυενπο,
683 4179 707 4228 in
723 4178 780 4227 loca
798 4176 892 4242 intera,
916 4194 941 4228 v.
959 4179 988 4230 E.
1007 4178 1031 4243 2,
1050 4177 1108 4237 301
1144 4177 1195 4231 129
1212 4196 1248 4245 sq.
1268 4194 1379 4244 aequus,

194 4245 321 4314 propitius.
345 4271 379 4282 —
401 4259 463 4310 quos
485 4259 559 4312 acque.
581 4261 632 4295 ana
657 4246 691 4308 I.,
720 4245 835 4308 Orpheus
857 4254 882 4297 et
903 4246 1008 4310 Pollux,
1034 4251 1083 4298 aut
1104 4249 1163 4299 ard.
1187 4265 1222 4298 eo.
1245 4250 1282 4299 ad
1304 4246 1379 4298 aeth.

192 4329 228 4380 a,
252 4314 364 4368 Tim
386 4319 412 4364 ct
434 4313 566 4375 Hercula
593 4321 619 4364 ct
639 4330 665 4364 v.
687 4310 714 4379 3,
737 4311 810 4370 1584
845 4311 904 4367 184.
929 4314 961 4366 es.
986 4316 1055 4367 Hom.
1080 4314 1174 4384 Odyrs.
1199 4315 1241 4381 12,
1263 4314 1298 4368 21
1323 4312 1380 4380 eqd

194 4814 681 4936 a*
