2942 4975
466 313 682 380 AENEIDOS
704 315 785 380 LIB.
807 315 861 380 XI.
1169 359 1172 363 -
1190 318 1255 388 413

159 502 274 568 Dicam
296 501 458 583 equinum,
480 500 558 566 licet
578 519 667 566 arma
688 501 766 566 mihi
787 507 986 584 mortemque
1008 504 1110 570 minet
1169 541 1212 552 -

158 587 297 653 Lumina
317 591 368 652 tot
383 586 542 652 cecidisse
565 586 682 651 ducum
704 590 870 668 totamque
891 587 1036 652 videmus

71 673 139 739 350
160 671 351 738 Consedisse
373 671 485 736 urbem
506 671 609 750 luctu,
630 672 707 736 dnm
730 672 827 738 Troia
848 676 986 754 temptat

161 757 286 837 Castra,
308 756 404 839 luqae
426 755 541 835 fidens,
564 760 598 822 et
620 756 745 822 caelum
766 756 898 822 territat
919 758 1023 824 armis.

158 842 268 907 Unum
290 841 389 908 etiam
411 841 503 908 donis
524 841 608 922 istis,
631 859 714 922 quae
734 841 872 924 plurima
893 842 978 908 mitti

159 926 352 992 Dardanidis
374 926 501 1008 dicique
522 926 625 1005 iubes,
647 945 759 1005 rmum,
782 931 912 1008 optume
933 945 1054 1010 regum,

160 1011 314 1091 Aufidus,
336 1030 397 1077 nec
419 1016 453 1077 te
474 1010 572 1077 ullius
592 1011 748 1076 violentia
769 1013 883 1091 vincat,

72 1095 139 1162 355
161 1096 246 1173 Quin
268 1101 378 1162 natam
399 1096 531 1178 egregio
552 1114 672 1178 genero
695 1096 863 1178 dignisque
886 1096 1068 1178 hymenaeis

160 1181 240 1261 Des,
261 1187 370 1264 pater,
392 1185 427 1248 et
447 1199 560 1263 pacem
582 1180 665 1248 hanc
685 1186 820 1246 aeterno
842 1181 974 1248 foedere
995 1183 1116 1264 iungas.

53 1291 58 1298 ·
160 1266 254 1345 unco
275 1267 303 1332 si
325 1271 435 1333 tantus
457 1266 556 1331 habet
576 1271 701 1332 mentes
724 1271 758 1332 et
778 1271 911 1349 pectora
937 1271 1053 1346 terror,

107 1343 114 1366 ¹
159 1351 270 1433 Ipsum
291 1351 503 1429 obtestemur,
525 1351 715 1433 veniamque
738 1370 865 1418 oremus
888 1352 1033 1434 abipso:

160 1435 276 1516 Cedat,
297 1436 347 1501 ius
368 1437 533 1519 preprium
554 1436 624 1518 regi
645 1436 833 1518 patriaeque
855 1437 1008 1504 remittat.

72 1520 140 1587 360
162 1520 247 1598 Quid
267 1521 402 1588 miseros
424 1521 545 1586 totiens
566 1520 600 1585 in
622 1526 736 1602 aperta
756 1522 899 1603 pericula
920 1522 997 1587 civis

160 1605 306 1689 Proiicis,
328 1625 348 1672 o
370 1606 464 1671 Latio
487 1611 584 1688 caput
604 1606 719 1672 horum
742 1612 776 1672 et
797 1624 910 1673 caussa
931 1607 1107 1672 malorum?

160 1690 260 1756 Nulla
279 1692 366 1758 salus
387 1692 488 1771 bello;
510 1709 623 1774 pacem
643 1696 679 1756 te
699 1692 859 1774 poscimus
881 1711 1000 1773 omnes,

164 1775 286 1855 Turne,
308 1776 403 1842 simul
423 1777 512 1858 pacis
533 1777 637 1842 solnm
658 1777 842 1842 inviolabile
864 1777 988 1859 pignus,

161 1861 288 1926 Primus
309 1880 384 1943 ego,
405 1861 543 1927 invisum
565 1880 660 1943 quern
682 1867 720 1927 tu
742 1863 801 1928 tibi
823 1862 928 1943 lingis,
952 1868 985 1928 et
1007 1880 1077 1928 esse

73 1944 141 2024 365
162 1945 218 2011 Nil
239 1964 360 2026 moror,
383 1964 424 2012 en
445 1946 581 2029 supplex
600 1946 703 2012 venio.
746 1948 901 2012 Miserere
924 1952 1061 2026 tuorum,

161 2031 252 2096 Pone
274 2032 410 2112 animos,
433 2036 468 2096 et
488 2032 599 2112 pulsus
621 2031 681 2096 abi.
725 2031 783 2098 Sat
805 2032 919 2097 funera
940 2031 1002 2098 fusi

161 2116 321 2196 Vidimus,
341 2116 482 2198 ingentis
504 2121 539 2182 et
561 2115 774 2182 desolavimus
797 2134 899 2198 agros.

154 2202 241 2280 Ant,
264 2201 291 2266 si
313 2200 398 2267 fama
419 2205 540 2288 movet,
561 2201 590 2267 si
612 2205 738 2266 tantum
758 2207 890 2283 pectore
913 2200 1011 2266 robur

164 2285 326 2369 Concipis,
348 2287 432 2352 etsi
454 2288 535 2353 adeo
558 2287 676 2352 dotans
696 2287 787 2368 regia
808 2286 897 2352 cordi
920 2291 977 2365 est,

73 2370 141 2437 370
161 2372 255 2437 Ande
277 2377 375 2454 atque
395 2373 566 2437 adversum
586 2369 690 2437 fidens
711 2371 762 2437 fer
783 2376 896 2454 pectus
917 2371 952 2436 in
973 2371 1107 2436 hostem.

163 2455 308 2537 Scilicet,
329 2462 367 2523 ut
389 2457 497 2523 Turno
521 2457 686 2540 confingat
706 2457 796 2539 regia
818 2456 964 2537 coniunx,

163 2542 244 2622 Nos,
267 2543 391 2609 animae
411 2543 506 2624 viles,
526 2543 695 2609 inhumata
714 2542 890 2624 infletaque
912 2541 1015 2621 turba,

164 2626 354 2707 sternamur
374 2628 502 2710 campis.
545 2628 653 2694 Etiam
674 2633 724 2706 tu,
746 2628 773 2693 si
795 2646 859 2709 qua
880 2627 940 2695 tibi
960 2627 1017 2706 vin,
1050 2662 1055 2671 κ

164 2711 318 2795 supatru
339 2713 416 2795 quid
437 2713 551 2779 Martis
572 2713 685 2794 habes,
706 2714 798 2779 illum
819 2713 925 2795 aspice
949 2717 1070 2790 contra,

74 2796 142 2863 375
164 2797 351 2874 onvocat

248 2884 380 2949 Talibus
402 2883 522 2949 exarsit
543 2884 637 2949 dictis
658 2883 813 2949 violentia
835 2882 948 2963 Turni;

164 2968 232 3033 Dat
252 2969 419 3050 gemitum,
440 2969 623 3051 rumpitque
645 2968 703 3035 has
724 2970 789 3034 imo
810 2973 942 3051 pectore
965 2986 1072 3034 voces:

165 3053 271 3135 Larga
292 3054 433 3135 quidem,
454 3055 596 3133 Drance,
618 3072 746 3135 semper
768 3054 826 3119 tibi
849 3053 941 3135 copia
961 3052 1050 3119 fandi

166 3137 261 3217 Tum,
284 3158 356 3205 cunr
377 3137 463 3205 bella
484 3157 598 3204 manus
618 3143 770 3220 poscunt3
791 3138 1000 3220 patribusque
1021 3137 1141 3203 vocatis

76 3222 145 3289 380
166 3222 293 3289 Primus
314 3224 401 3289 ades.
445 3223 510 3289 Sed
530 3242 597 3289 non
618 3224 774 3305 replenda
795 3227 846 3289 est
867 3222 955 3287 curia
976 3222 1090 3301 verbis,

76 3399 136 3443 erat
153 3408 229 3459 penca
246 3408 316 3459 curn,
337 3394 380 3460 qui
402 3393 493 3443 bellum
511 3393 709 3444 administrubat„
727 3420 761 3429 —-
778 3407 843 3443 mor.
862 3394 924 3454 rin,
949 3391 1104 3455 significatur
1126 3391 1263 3456 pertinacia

77 3460 171 3524 Turni,
189 3462 230 3525 qui
248 3462 362 3513 noluerat
379 3463 551 3528 obtemperare
568 3461 679 3519 Latium!
714 3456 774 3513 350.
793 3458 913 3523 Garrod,
937 3460 1074 3509 demersam
1092 3461 1169 3525 esse}
1204 3456 1263 3510 351.

76 3528 209 3593 fugaefi,
220 3528 252 3581 cl
267 3528 307 3594 10,
320 3525 391 3595 6651
421 3527 480 3580 351.
499 3530 561 3580 caci.
580 3533 598 3579 t.
617 3532 710 3592 armrssr,
728 3531 760 3581 de
778 3544 806 3579 co
826 3529 925 3589 dietum,
942 3528 984 3593 qui
1002 3528 1079 3577 stulte
1097 3524 1168 3575 ferox
1185 3533 1264 3577 terret

79 3598 177 3658 omniu,
200 3604 230 3647 ut
251 3598 330 3664 ipsum
353 3599 450 3648 caelum
473 3599 548 3647 timor
565 3612 687 3663 occupare
704 3595 845 3661 videatne!
880 3593 938 3647 353.
958 3598 1023 3656 dici,
1043 3594 1166 3661 promitti,
1185 3610 1263 3645 naves

77 3672 140 3784 3321
159 3663 305 3733 agrosque!
339 3662 399 3717 354.
420 3669 521 3728 vincat,
544 3672 641 3716 tantum
664 3666 758 3729 valeat,
782 3672 810 3715 ut
830 3671 856 3714 tc
880 3664 1023 3729 prohibeat,
1046 3663 1176 3727 quominus
1201 3661 1264 3730 cat!

78 3800 121 3864 12,
140 3726 1264 3881 31013151οἷ1111151111511111851115111111113ωέ033151535113511111ΜΞ13

74 3872 519 4007 1053151333
530 3868 1265 4005 011101131015111311713103

78 4008 209 4068 invirum,
234 3976 366 4058 inimicum.
384 3979 419 4045 -ο-
436 4007 541 4059 Servius
552 3954 627 4071 611155
651 4006 723 4056 dicit:
748 4004 803 4056 Non
828 4020 883 4055 snm
907 4005 1003 4123 inim
1025 4005 1149 4069 inimicns3
1175 4006 1219 4055 sed
1243 4006 1265 4054 si

79 4074 146 4125 velia
163 4078 259 4140 (putes)
276 4090 341 4140 csse,
358 4092 405 4126 non
423 4073 552 4143 recusc.“{
586 4072 646 4128 366.
662 4074 732 4142 puls.
751 4088 786 4137 a,
805 4070 835 4123 ci.
854 4088 893 4123 vs.
929 4071 963 4125 92
975 4088 1028 4138 sqq.
1045 4101 1081 4111 -
1096 4072 1145 4125 Sat
1155 4074 1185 4139 s.
1202 4072 1264 4130 Vici,

79 4146 129 4191 sut
150 4144 254 4209 νίἀσνο,
279 4151 308 4195 ut
330 4148 376 4194 rat
392 4160 463 4208 erra,
485 4148 531 4195 rat
552 4146 660 4207 155515,
682 4144 756 4193 unius
780 4142 852 4192 verbi
875 4142 956 4192 instar
973 4150 1025 4205 cst,
1048 4140 1153 4193 Theocr.
1173 4135 1266 4202 10,13

79 4202 157 4275 „lyci
174 4205 201 4261 δ’
221 4209 277 4278 ἔχω
294 4205 355 4263 οὐδ’
374 4206 452 4269 ἅλις
470 4206 591 4280 ὅξος.“Ι
624 4209 684 4263 367.
701 4227 726 4262 v.
743 4206 785 4276 10,
796 4207 870 4279 3101
905 4207 963 4261 373.
983 4211 1086 4261 Servius
1104 4209 1210 4274 „Etiam
1227 4213 1266 4257 est

79 4280 208 4330 hortuntis
224 4282 370 4332 adverbium
387 4282 434 4331 hoc
450 4282 535 4345 loco;‘⁴
552 4288 663 4332 nostrum
681 4276 769 4349 355151
801 4278 861 4331 374.
881 4278 931 4330 adr
948 4316 954 4329 .
974 4295 1004 4344 c,
1025 4270 1113 4339 ἄντην
1132 4272 1266 4326 εἰσιδέειν

81 4346 412 4415 uom.11.19,15,qu0n
435 4350 592 4413 estsignum
616 4348 758 4415 audaciae!
794 4343 852 4400 375.
877 4362 902 4398 v.
945 4342 1085 4411 .e,194.q
1121 4338 1265 4395 ate-443.
