2942 4975
461 371 708 439 GEORGIOON
729 374 810 439 LIB.
832 376 874 441 11.

157 559 283 625 Indicio
305 564 357 624 est
379 563 486 625 tractu
509 577 644 642 surgens
666 561 807 627 oleaster
829 565 942 629 eodem

154 644 319 709 vPlurimus
343 649 378 711 et
399 645 492 710 strati
514 646 601 711 bacis
624 646 824 711 silvestribus
846 650 923 731 agri.

156 732 203 795 At
224 749 308 812 quac
329 730 457 812 pinguis
479 730 594 795 humus
617 731 766 813 dulcique
787 733 908 815 uligine
930 735 1024 814 laeta,

71 816 134 881 185
158 816 292 897 Quique
307 815 461 898 frequens
483 816 592 881 herbis
616 822 650 881 et
670 815 789 882 fertilis
811 819 910 884 ubere
933 838 1064 903 campus
1084 856 1129 871 ··-

158 902 294 979 Qualem
317 920 413 983 saepe
437 902 654 967 curamentis
677 903 821 968 convalle
843 906 983 971 solemus

155 986 349 1069 Despicere3
371 987 434 1051 huc
456 988 587 1053 summis
608 987 776 1069 liquuntur
796 990 929 1071 rupibus
951 984 1070 1071 amnts,

155 1073 365 1155 Felicemque
387 1072 521 1137 madunt
542 1073 652 1137 limum
673 1110 717 1123 --
739 1074 857 1156 quique
880 1075 986 1142 editus
1007 1081 1126 1157 austro,

157 1158 202 1223 Et
223 1156 352 1223 felicem
374 1158 479 1223 curvis
499 1158 634 1223 invisam
656 1159 760 1240 pascit
780 1161 912 1225 matris:

72 1243 134 1309 190
156 1243 219 1308 Hic
241 1242 302 1308 tibi
323 1243 523 1325 praevalidas
545 1244 620 1309 olim
642 1244 808 1325 multoque
830 1244 960 1311 fluentis

158 1326 307 1395 Sufficiet
328 1329 456 1394 Baccho
477 1328 565 1407 vitia,
588 1330 638 1393 hic
660 1328 778 1395 fertilis
800 1348 890 1410 urae,

158 1415 221 1479 Hic
242 1414 364 1493 laticis,
386 1414 514 1496 qualern
536 1414 656 1497 pateris
678 1415 815 1480 libemus
838 1420 873 1482 et
894 1434 980 1496 auro,

157 1499 288 1565 lnflavit
309 1518 381 1565 cum
402 1500 529 1582 pinguis
553 1500 633 1565 ebur
655 1500 840 1583 Tyrrhenus
862 1502 902 1567 ad
925 1518 997 1567 aras

156 1585 320 1650 Leucibus
344 1590 378 1650 et
398 1584 511 1667 pondis
534 1584 689 1651 fumantia
709 1586 875 1651 reddimus
898 1591 979 1652 exta

73 1671 133 1737 195
157 1670 216 1735 Sin
238 1676 386 1736 armenta
406 1671 507 1752 magis
529 1671 670 1735 studium
691 1672 873 1753 vitulosque
895 1672 989 1752 tueri,

157 1758 226 1821 Aut
248 1754 335 1820 fetus
357 1755 477 1835 ovium,
499 1756 700 1822 naturantis
724 1757 811 1822 culta
833 1757 981 1839 capellas,

159 1841 269 1907 Saltus
293 1846 327 1906 et
348 1840 449 1906 saturi
470 1842 573 1922 petito
595 1842 771 1923 longinqua
791 1843 933 1921 Tarenti,

156 1928 203 1991 Et
224 1927 351 2008 qualem
372 1925 484 1991 infelix
506 1926 613 1992 amisit
633 1927 768 1994 Mantua
790 1946 944 2010 campum,

156 2014 349 2077 Pascentem
371 2011 481 2077 niveos
502 2012 638 2078 herboso
661 2012 791 2079 flumine
814 2030 944 2096 cycnos:
1082 2078 1086 2086 ,

69 2098 134 2164 200
157 2098 232 2163 Nou
254 2097 367 2179 liquidi
389 2097 539 2179 gregibus
561 2096 681 2177 fontes,
703 2117 768 2164 nou
791 2099 935 2180 gramina
955 2098 1101 2178 deerunt,

156 2180 214 2262 Ef,
237 2188 392 2265 quantum
413 2183 518 2265 longis
541 2188 674 2265 carpent
695 2189 843 2250 armenta
864 2183 985 2263 diebus

157 2269 283 2351 Exigua
305 2273 430 2333 tautum
453 2268 577 2349 gelidus
598 2287 651 2333 ros
673 2275 769 2334 nocte
791 2273 935 2351 reponet.

156 2354 258 2435 Nigra
280 2352 348 2418 fere
371 2359 405 2418 et
425 2372 535 2435 presso
556 2354 683 2436 pinguis
705 2355 765 2419 sub
786 2372 916 2418 vomere
936 2359 1034 2432 terra,

156 2440 202 2504 Et
224 2438 275 2505 cui
296 2445 392 2523 putre
413 2439 530 2518 solum,
552 2476 595 2489 -
617 2458 755 2524 namque
777 2439 837 2505 hoc
858 2438 1022 2505 imitamur
1042 2439 1164 2505 arando
1185 2476 1229 2490 -

68 2527 134 2592 205
159 2525 301 2607 Optuma
322 2525 503 2603 frumentis3
526 2526 679 2591 nonullo
703 2545 742 2590 ex
764 2543 904 2606 aequore
927 2543 1039 2590 cernes

153 2612 255 2676 Plura
276 2612 405 2676 domum
427 2611 527 2676 tardis
550 2612 707 2676 decedere
728 2612 874 2693 plaustra
894 2609 1046 2700 iuvencis,

157 2698 224 2763 Aut
245 2697 332 2762 unde
354 2697 456 2762 iratus
479 2696 590 2762 silvam
614 2697 741 2762 devexit
763 2702 871 2762 arator

69 2834 129 2887 183.
148 2811 270 2895 ὺιιειέἐ,
289 2849 324 2884 sc.
337 2834 464 2902 oleastri}
500 2830 558 2884 185.
578 2833 665 2898 ubere,
682 2835 754 2899 largo
772 2828 919 2901 proventu!
952 2831 1011 2888 187.
1030 2833 1139 2899 caspio,
1156 2833 1253 2899 qualem

70 2905 145 2955 facile
167 2911 207 2953 est
224 2903 323 2966 videre,
347 2902 419 2950 modo
443 2903 527 2953 oculos
552 2902 652 2953 deficias
674 2904 698 2953 in
723 2908 825 2983 terram.
848 2931 882 2939 -—
905 2902 955 2953 Alii
972 2902 1115 2982 dispicere
1128 2927 1164 2939 -
1186 2901 1255 2967 Irqrt,

69 2967 557 3108 illiti·0¹2·0{’‚·3{32',.¹i?·1llf
573 2967 1130 3107 ⁶‘1e‘qb.‚⁰lltltetilcass
1144 2975 1255 3089 tilii:

68 3103 195 3174 Etrusci!
233 3105 292 3159 194.
312 3112 376 3158 ceta
393 3107 466 3172 dare,
485 3107 601 3170 reddere,
615 3112 758 3176 porriqerc,
776 3108 793 3157 i.
808 3124 830 3157 e.
849 3109 872 3158 in
891 3123 950 3158 aras
967 3108 1102 3174 imponere3
1118 3107 1255 3170 fuman-

70 3183 133 3242 tr'a,
156 3178 247 3243 qnippe
265 3177 337 3226 modo
356 3183 481 3226 mactatae
499 3176 597 3230 hostiae
614 3183 702 3243 erepta
721 3183 747 3228 et
766 3177 845 3227 adbuc
864 3177 957 3239 calida,
975 3175 1006 3226 cl.
1025 3177 1055 3226 Α.
1074 3171 1115 3240 12,
1133 3171 1185 3227 214
1203 3169 1255 3242 sq}

70 3245 129 3298 195.
148 3245 194 3297 Sin
213 3245 335 3296 eludium
354 3245 426 3314 cst!
461 3240 519 3294 196.
538 3249 647 3294 ureretea
666 3261 699 3307 c,
722 3245 851 3296 laedentes
869 3260 914 3295 seu
933 3251 1031 3295 serrato
1050 3245 1130 3307 deute,
1149 3259 1195 3295 scu
1212 3258 1254 3292 sa·

69 3317 130 3376 lira,
148 3320 177 3364 ut
195 3319 359 3376 exarescant,
378 3312 440 3362 Pliu.
452 3311 484 3362 N.
498 3313 527 3362 ll.
539 3309 564 3374 8,
578 3309 611 3363 76
628 3311 744 3375 „Morsus
761 3328 893 3379 caprarum
912 3315 997 3363 arbori
1014 3311 1132 3364 exitialis.
1156 3312 1254 3362 Olivam

70 3384 202 3436 lambendo
223 3397 321 3446 quoque
337 3381 448 3432 sterilem
468 3379 601 3452 faciunt.“{
636 3377 694 3432 197.
713 3385 811 3444 saturi,
839 3382 987 3432 abundantis
1005 3381 1069 3431 omni
1087 3394 1179 3444 genere
1196 3394 1255 3444 pro-

70 3461 168 3504 ‘'⁶'''‘'¹⁸
196 3450 686 3586 aiigf⁹²iibi⁰d55mii¹ii⁸⁰iffi}’
704 3451 833 3586 “illiti
852 3449 1057 3569 edwi?
1075 3443 1254 3579 imb'rlffi

70 3535 223 3654 &uam
242 3535 401 3654 piei-alimum
421 3587 484 3636 solet
502 3552 771 3651 optimaerse'r’rigra,
796 3557 830 3636 sc.
850 3588 872 3636 si
889 3557 976 3637 cadem
995 3553 1154 3652 pingitis'cst·
1166 3553 1196 3634 ct,
1208 3553 1254 3649 pu·

72 3652 139 3723 tris!
175 3651 237 3706 204.
262 3671 319 3705 nam
343 3655 437 3704 arando
460 3653 591 3717 efficimus,
616 3661 644 3706 ut
669 3655 748 3705 solun
772 3656 805 3705 sit
824 3656 890 3721 putri
908 3655 999 3718 simile,
1021 3655 1037 3704 i.
1055 3669 1077 3704 e.
1096 3649 1256 3718 resolutum!

71 3724 127 3779 206.
147 3727 271 3776 menois
307 3721 434 3775 Profuerit
452 3723 567 3773 hocloco
586 3724 696 3774 breviter
713 3724 855 3789 complecti,
880 3738 944 3788 quae
962 3723 993 3775 de
1011 3737 1058 3773 usu
1075 3722 1159 3772 Dativi
1177 3721 1255 3788 potis-

73 3797 157 3845 simum
175 3793 284 3844 tenenda
302 3797 367 3842 sunt.
399 3791 504 3842 [latirus
523 3792 653 3855 siguificat,
673 3807 720 3857 quo
739 3793 797 3856 qnid
814 3792 904 3843 tendit:
923 3791 1132 3843 cantoranum
1149 3805 1254 3870 maaaf,

72 3864 170 3982 ’Ἥ
187 3862 589 3982 &diffiditis
599 3861 698 3979 tlte
721 3860 1256 3980 tlt'tlmlidtllc‘ltol

72 3947 137 4050 gorza
150 3967 248 4049 omnino
261 3966 360 4060 indicet,
373 3968 425 4062 ’quo
438 3998 496 4062 quid
509 3997 592 4062 aliquo
605 3999 677 4048 modo
690 3966 821 4065 pertineat,
839 3965 893 4047 ’sive
911 3968 943 4046 ad
964 4013 1035 4047 naum
1053 4005 1079 4048 et
1095 3966 1255 4057 commodum,
1310 3982 1314 3991 ’

73 4069 123 4117 sive
142 4069 174 4118 ad
193 4067 373 4116 incommodum
396 4071 421 4116 et
446 4067 559 4116 damnum
584 4064 630 4132 (ad
649 4068 755 4116 animum
773 4067 886 4117 suaviter
904 4072 948 4116 eut
965 4066 1090 4116 contrario
1109 4073 1177 4116 motu
1195 4063 1255 4113 affc-

73 4143 145 4200 ann,
170 4135 212 4200 qni
236 4135 378 4200 appellatur
395 4133 502 4184 Dativus
520 4134 623 4198 ethicus,
647 4149 672 4184 v.
689 4135 718 4184 fl.
737 4131 763 4194 8,
780 4131 805 4184 6.
828 4135 859 4184 Α.
879 4131 902 4197 7,
921 4131 995 4201 390),
1018 4136 1071 4185 sive
1095 4134 1128 4184 ad
1153 4147 1255 4198 operam

72 4219 202 4287 cereamque
225 4202 394 4264 efficientiam
418 4217 450 4251 ex
468 4203 514 4252 hoc
532 4218 630 4285 genere,¹
654 4204 718 4268 quod
740 4209 856 4285 extremo
873 4203 929 4253 loco
946 4204 1081 4284 posuimus,
1105 4203 1253 4252 lacerante

74 4275 134 4323 fabr
145 4274 230 4340 floret
242 4287 319 4337 ager,
338 4271 466 4322 decedunt
475 4271 601 4334 plaustra
619 4287 774 4333 iuvencas,
792 4288 808 4321 1.
821 4287 842 4321 e
856 4288 899 4339 per
916 4278 950 4334 te,
967 4287 1011 4338 per
1029 4285 1159 4331 rnveucos;
1178 4273 1253 4317 twa

69 4341 173 4403 ,fertilis
199 4341 371 4400 iuvencis,
397 4341 545 4406 respondens
572 4355 663 4406 operae
688 4341 861 4402 iuvencorum
891 4347 945 4390 tum
969 4339 1030 4389 illud
1055 4341 1146 4404 nigris
1170 4349 1253 4385 exara

75 4409 248 4477 chelydris
266 4415 292 4458 ct
310 4404 423 4466 sinilia!
457 4405 516 4460 207.
534 4409 683 4473 Autunde,
702 4415 747 4458 aut
758 4423 790 4458 ex
803 4423 918 4474 aequore,
935 4423 969 4460 ex
987 4423 1034 4473 quo
1053 4412 1098 4457 cat.
1114 4431 1148 4445 ·—
1166 4406 1254 4454 bauer

477 4509 483 4524 a
1035 4488 1049 4514 0

1014 4489 1031 4542 5
