2942 4975
236 300 301 365 224
607 301 641 364 Ρ.
665 300 829 366 VIRGILI
851 301 1041 368 MARONIS

322 478 423 565 Quem
445 477 579 552 'subiisse
600 487 743 552 humeris
765 487 945 554 confectum
967 495 1074 556 aetate
1096 497 1279 572 parentem!

235 572 299 637 600
320 573 393 638 Non
415 571 505 654 potui
528 573 696 656 abreptum
717 573 871 638 divellere
893 593 1008 656 cerpus
1030 581 1064 640 et
1085 579 1180 642 undis

321 657 502 740 Spargere?
536 677 600 723 non
623 659 740 738 socius,
762 677 827 723 nun
848 659 952 741 ipsum
974 661 1143 727 absumere
1164 663 1252 730 ferro

320 744 492 809 Ascanium
512 744 688 825 patriisque
711 745 904 826 epulandum
926 764 1047 826 pcnere
1069 749 1209 814 mensis?
1231 787 1274 798 -

318 827 439 894 Verum
461 847 577 910 anceps
599 847 726 911 pugnae
747 828 855 895 tuerat
875 828 1013 895 fortuna
1034 867 1079 879 -
1099 833 1241 900 Fuisset:

320 913 422 992 Quem
444 913 544 980 metui
565 915 744 980 moritura?
787 915 889 979 Faces
910 915 944 978 in
966 922 1072 984 castra
1094 919 1250 1001 tulissem,
1454 946 1455 977 i

233 998 296 1065 605
318 999 558 1081 Inplessemque
579 998 666 1064 foros
688 995 844 1079 flammis,
859 1006 1034 1083 natumque
1056 1008 1246 1087 patremque

320 1082 399 1150 Cum
421 1101 539 1166 genere
562 1085 752 1164 exstinxem,
773 1091 893 1151 memet
914 1103 1010 1168 super
1030 1088 1104 1170 ipsa
1123 1090 1292 1157 dedissem.
1313 1130 1352 1139 —

317 1168 386 1250 Sol,
407 1169 462 1252 qui
485 1174 643 1234 terrarum
665 1169 800 1236 flammis
822 1189 920 1254 opera
941 1173 1049 1238 emnia
1067 1173 1195 1255 lustras,

319 1255 431 1336 Tuque
453 1255 565 1320 harum
586 1255 758 1338 interpres
771 1275 917 1321 curarum
941 1261 975 1321 ct
997 1259 1125 1324 conscia
1145 1260 1237 1341 Iunc,
1454 1314 1455 1345 ,

318 1339 555 1422 Nocturnisque
576 1340 700 1406 Hecate
723 1342 825 1406 triviis
846 1342 972 1407 ululate
993 1360 1052 1424 per
1072 1345 1179 1425 urbes,
1454 1348 1455 1421 1

233 1421 296 1490 610
318 1425 362 1490 Et
382 1426 481 1491 Dirae
504 1426 647 1505 ultrices,
671 1431 704 1492 et
727 1427 759 1491 di
780 1427 946 1492 morientia
967 1428 1099 1508 Elissae,
1454 1426 1455 1517 ζ

318 1511 463 1594 Accipite
485 1512 576 1590 haec,
599 1511 812 1594 meritumque
833 1512 926 1577 melis
949 1515 1108 1580 advertite
1129 1535 1259 1597 numen,
1454 1522 1455 1527 ’

317 1596 361 1670 Et
382 1601 508 1662 nostras
530 1598 639 1662 audite
660 1615 780 1678 preces.
824 1597 859 1662 si
881 1602 1015 1680 tangere
1037 1605 1150 1682 pertus

316 1680 488 1748 Iniaudum
510 1687 605 1766 caput
628 1701 664 1746 ac
686 1683 783 1747 terris
805 1684 925 1748 adnare
946 1701 1079 1750 necesse
1102 1691 1159 1766 est,

163 1817 168 1827 ,
316 1767 360 1831 Et
381 1767 426 1832 sic
447 1767 515 1832 fata
536 1768 620 1834 Iovis
642 1773 792 1850 poscunt,
814 1768 867 1833 hic
888 1769 1045 1834 terminus
1068 1771 1193 1836 haeret:

231 1849 294 1916 615
315 1851 361 1915 At
382 1851 467 1917 belle
490 1853 618 1918 audacis
638 1853 749 1934 populi
770 1858 904 1921 vexatus
926 1860 970 1920 ct·
982 1855 1087 1935 armis,

315 1936 446 2002 Finibus
470 1937 617 2017 extorris,
641 1939 798 2020 conplexu
821 1939 948 2004 avolsus
968 1941 1039 2018 Iuli,

314 2021 475 2087 Auxilium
497 2023 650 2104 inploret,
671 2024 844 2106 videatque
865 2025 999 2106 indigna
1019 2043 1148 2090 suorum

314 2107 454 2187 Funera;
476 2126 548 2188 nec,
572 2126 643 2174 cum
665 2125 700 2174 se
722 2110 782 2174 sub
804 2109 893 2191 leges
915 2110 1002 2191 pacis
1023 2111 1150 2192 iniquae

316 2193 511 2273 Tradiderit‚
532 2213 632 2276 regno
655 2199 712 2258 aut
735 2199 846 2277 optata
866 2195 939 2260 luce
961 2195 1094 2275 fruetur,

229 2275 293 2342 620
315 2277 378 2344 Sed
402 2277 495 2344 cadat
517 2285 592 2345 ante
614 2279 698 2346 diem
720 2282 888 2362 mediaque
908 2277 1092 2346 inhumatus
1115 2299 1222 2347 arena

314 2364 403 2429 Haec
424 2383 550 2446 precor,
572 2366 653 2431 hanc
674 2385 787 2431 vocem
809 2370 985 2431 extremam
1007 2385 1079 2431 cum
1101 2369 1257 2449 sanguine
1277 2368 1377 2434 fundu.
1454 2398 1455 2401 ¹

315 2449 396 2515 Tum
417 2469 486 2528 vus,
509 2469 527 2515 0
552 2449 651 2535 Tyrii,
674 2451 807 2533 stirpem
829 2456 863 2517 et
884 2462 986 2535 genus
1007 2470 1102 2518 omne
1122 2451 1268 2519 futurum

313 2620 455 2687 Munera.
499 2622 614 2687 Nullus
637 2642 726 2687 amor
747 2623 874 2705 populis
894 2642 955 2688 nec
976 2622 1109 2689 foedera
1130 2629 1235 2689 sunto.

228 2704 291 2768 625
312 2706 467 2772 Exoriare
489 2706 602 2788 aliquis
624 2708 743 2771 nostris
765 2727 804 2773 ex
825 2709 949 2773 essibus
969 2709 1064 2788 ultor,

313 2790 374 2867 Qui
396 2790 465 2857 iace
487 2792 668 2857 Dardanius
690 2792 840 2875 ferreque
862 2812 998 2876 sequare
1021 2795 1160 2873 colonos

311 2876 417 2956 Nunc,
440 2876 526 2954 olim,
550 2887 749 2959 quocumque
772 2879 893 2944 dabunt
915 2896 951 2943 se
973 2883 1119 2963 tempere
1140 2880 1235 2945 vires.

311 2961 422 3025 Litora
443 2962 589 3027 litoribus
613 2964 787 3044 contraria,
809 2963 958 3030 fluctibus
980 2966 1082 3029 undas

300 3044 477 3131 inprecor,
499 3050 587 3162 tfma
608 3050 716 3129 aruris
738 3056 883 3131 pugnent
903 3050 1028 3133 ipsique
1050 3056 1256 3132 nepotesque.

1454 2302 1455 2329 1

1454 2364 1455 2395 i

312 2536 471 2601 Exercete
494 2536 588 2616 odiis,
612 2536 774 2620 cinerique
796 2537 877 2603 haec
895 2538 1018 2603 mittite
1039 2543 1151 2603 nostre
1454 2537 1455 2602 1

1454 2649 1455 2698 i

1454 3135 1455 3164 1

225 3190 272 3241 que
290 3176 373 3238 cius,
392 3174 470 3241 Quem
488 3181 534 3225 cet.
553 3190 577 3227 v.
596 3176 625 3227 11.
644 3174 668 3239 2,
687 3174 745 3229 71.Ι
779 3175 838 3230 600.
856 3180 1002 3243 abreptam,
1020 3180 1046 3228 vi
1063 3179 1204 3229 abductum.
1221 3208 1255 3215 —
1273 3177 1394 3243 616600
1454 3207 1455 3212 =

224 3250 285 3295 etv.
298 3244 327 3293 E.
338 3242 363 3308 2,
375 3241 433 3302 301
469 3241 650 3309 6061616661,
667 3246 760 3296 licebat
777 3262 833 3296 esse
851 3247 986 3313 ancipitem,
1005 3262 1024 3297 6.
1042 3247 1102 3297 nibil
1118 3248 1144 3298 id
1161 3248 1316 3308 curassem!
1343 3245 1393 3298 601.
1454 3263 1455 3266 ’

224 3316 326 3378 eastra,
344 3314 451 3377 nautica,
469 3310 570 3375 naves!
604 3312 664 3366 606.
683 3328 744 3363 cum
759 3329 863 3381 genere,
880 3322 909 3365 ut
927 3316 986 3365 uitii
1001 3330 1074 3366 exeo
1087 3330 1175 3380 gerere
1190 3317 1312 3382 reliquum
1329 3323 1393 3367 esset
1454 3321 1455 3360 i

223 3410 257 3419 -
269 3382 407 3444 dedissem,
425 3382 593 3445 coniecissem„
607 3383 631 3432 in
644 3385 769 3444 flammam
787 3398 843 3433 nam
862 3381 957 3448 „Quem
974 3384 1049 3434 metui
1065 3385 1257 3434 moriturai“
1275 3400 1314 3435 ve.
1330 3380 1395 3449 6011
1454 3373 1455 3458 1

224 3447 417 3502 60766611.
441 3448 466 3516 3,
484 3446 542 3501 277.
577 3451 629 3502 Deo
648 3450 706 3501 -Soli
729 3454 930 3503 commendantur
951 3453 1077 3519 puniendi,
1104 3454 1145 3519 qui
1167 3453 1262 3504 nefarie
1285 3453 1393 3512 iecerunt,
1454 3497 1455 3508 ,

223 3518 346 3585 Inscriptt.
365 3520 441 3571 Oceli.
467 3516 535 3571 4791
554 3516 608 3640 Ἣ
646 3516 705 3569 608.
729 3522 838 3587 interpr.
861 3535 965 3583 ereren,
991 3521 1094 3571 Servius
1117 3523 1214 3584 „medie
1240 3520 1394 3587 (mediatrix)
1454 3585 1455 3588 Ἴ

223 3592 249 3637 et
266 3588 451 3650 conciliatrix;“
469 3586 500 3637 ci.
518 3602 556 3637 vs.
610 3586 632 3656 ,1
668 3585 727 3641 609.
746 3586 835 3652 Nect,
857 3604 883 3640 v.
901 3604 939 3639 vs.
958 3586 1018 3640 303.
1036 3618 1070 3627 —-
1087 3588 1207 3653 circlate,
1231 3606 1287 3640 eum
1304 3591 1393 3641 ululatu
1454 3611 1455 3646 3

222 3652 361 3719 invocata!
396 3652 455 3706 610.
473 3658 503 3707 di
518 3658 661 3720 reuertentis,
679 3657 792 3707 morienti
809 3658 922 3725 propitii,
940 3659 1036 3709 ultores
1053 3659 1154 3717 mortis,
1172 3657 1204 3707 ci.
1222 3674 1262 3709 vs,
1281 3654 1334 3710 520
1350 3658 1395 3723 sq!
1454 3665 1455 3724 1

138 3751 145 3778 r
222 3720 281 3775 611.
289 3726 407 3789 Accipite
419 3725 505 3775 animis
518 3722 718 3793 (ἐνθυμεῖσθε)
730 3726 794 3775 baec
806 3728 880 3790 maia,
894 3734 919 3777 ct
930 3727 979 3775 vim
991 3735 1102 3777 vestram
1112 3724 1236 3793 (numen)
1247 3742 1272 3776 m
1280 3730 1393 3782 etitem.

221 3792 237 3841 i.
256 3808 277 3841 e.
295 3798 422 3857 tamquam
440 3794 547 3844 debitum
565 3795 622 3844 mibi
638 3800 729 3845 iniusta
746 3796 863 3861 patienti,
888 3796 979 3845 vertite
1003 3796 1034 3845 ad
1059 3810 1103 3855 ea,
1125 3795 1268 3846 ulciscente
1287 3792 1395 3859 scilicet!
1454 3803 1455 3852 j

222 3856 280 3913 614.
293 3860 363 3923 faie
380 3861 409 3923 1.,
427 3876 452 3911 v.
471 3858 495 3923 3,
513 3858 571 3911 717.
590 3890 624 3901 -
640 3864 688 3913 bic.
709 3868 799 3926 term,
823 3865 940 3913 terminus
964 3864 1141 3927 navigationis,
1165 3863 1279 3926 Italiu3
1303 3865 1393 3921 haeret,
1454 3887 1455 3902 r

221 3928 286 3978 fixus
302 3934 377 3979 estet
394 3925 577 3997 immutabilis!
612 3928 670 3982 616.
688 3930 745 3983 Five.
764 3937 831 3982 eet:
850 3938 963 3998 spectant
980 3933 1041 3981 baec
1057 3932 1394 3984 verbaadcastrainbntiu
1454 3939 1455 4004 ,

221 3998 315 4063 positu,
349 3997 381 4047 ab
408 3996 505 4061 Aenea,
541 4014 595 4047 cum
622 3999 655 4049 ad
681 4000 825 4050 Euandrum
857 3999 944 4050 anxilii
970 4000 1067 4067 petendi
1094 4016 1170 4052 causa
1196 4001 1394 4067 proficisceretur,

221 4066 315 4117 relicte.
366 4062 424 4116 617.
443 4080 564 4128 sumam,
589 4066 693 4117 Servius
715 4067 855 4130 „Pallantis
879 4074 905 4117 et
928 4068 1106 4136 ceterorumfl}
1140 4065 1199 4121 618.
1220 4072 1262 4119 iai
1297 4086 1343 4133 ee,
1367 4066 1394 4118 ei.
1454 4099 1455 4102 =

221 4132 262 4197 12,
279 4130 312 4185 81
332 4129 438 4201 -8281
473 4131 532 4185 619.
556 4133 619 4183 Tres
641 4142 736 4185 tautum
764 4150 840 4185 66666
863 4149 981 4199 regnarem
997 4138 1095 4188 Aeneas
1117 4136 1219 4201 fertur-,1
1272 4136 1393 4189 206661.
1454 4175 1455 4208 3

220 4204 272 4253 inlr.
291 4219 346 4254 er..·
373 4203 430 4267 quia
455 4216 498 4251 cor
514 4216 544 4251 66
567 4203 656 4253 mentm
678 4204 777 4253 Aeneae
798 4218 919 4270 nusquam
937 4206 1061 4256 inventum
1080 4203 1141 4274 6661
1176 4203 1235 4257 621.
1255 4222 1277 4257 e.
1296 4222 1394 4271 sanga,

220 4286 273 4322 cum
292 4272 345 4339 ipsa
363 4272 416 4323 vita
433 4284 496 4321 mee.
545 4266 605 4320 623.
624 4268 655 4321 ei.
674 4268 704 4321 G.
722 4270 748 4335 4,
760 4268 837 4321 4031
869 4269 929 4323 625.
947 4274 1093 4325 Ostendimu-
1111 4276 1148 4324 bis
1160 4274 1252 4325 uerbis
1270 4272 1393 4327 Hannibal.

220 4367 253 4377 -
272 4342 358 4405 ossib„
383 4336 486 4409 uiuere-l
519 4334 578 4391 627.
601 4354 626 4389 v.
645 4336 675 4390 G.
693 4338 718 4403 1,
736 4337 812 4409 2871
845 4338 904 4394 629.
928 4343 993 4409 ipsi,
1016 4344 1057 4408 qui
1079 4358 1160 4393 nunc
1180 4340 1233 4409 (va.
1251 4340 1320 4412 627)
1342 4348 1394 4393 suut

300 4527 759 4945 rr
807 4550 883 4944 .
