2942 4975
493 326 709 392 AENEIDOS
731 326 811 391 LIB.
832 326 886 391 Vl.

184 516 351 582 Musaeum
373 520 449 579 ante
471 514 586 592 omnis3
609 514 749 579 medinm
770 530 845 577 nam
867 511 1004 594 plurima
1026 512 1122 577 turba

184 602 279 666 Hunc
299 601 398 666 habet
419 605 516 681 atque
539 599 680 664 humeris
703 602 883 663 exstantem
905 596 1039 678 suspicit
1061 597 1148 662 altis:

183 686 304 766 Dicite,
326 685 437 750 felices
458 684 596 763 animae,
618 688 733 765 tuque,
756 687 886 765 optume
907 688 1008 760 vates,

95 772 163 836 670
185 772 275 849 Quae
295 772 385 852 regio
407 770 585 847 Anchisen,
606 770 676 850 quis
698 769 796 833 habet
816 768 928 833 locus?
960 767 1046 831 illius
1069 784 1147 848 ergo

183 856 339 921 Venimus
361 861 396 920 et
416 872 549 937 magnos
571 855 669 919 Erebi
691 853 889 919 tranavimus
912 853 1021 917 amnis
1059 878 1062 887 ·

184 943 292 1023 Atque
312 941 387 1005 huic
408 957 598 1022 responsum
618 940 728 1021 paucis
750 939 799 1003 ita
818 936 959 1003 reddidit
980 936 1089 1003 heros:

184 1026 274 1091 Nulli
296 1031 386 1091 certa
407 1026 534 1104 domus3
556 1025 637 1091 lucis
659 1024 839 1089 habitamus
862 1023 979 1105 opacis,

184 1112 401 1193 Riparumque
423 1115 512 1175 toros
534 1117 569 1175 et
589 1114 682 1191 prata
703 1109 848 1173 recentia
868 1109 945 1175 rivis

95 1196 364 1262 6751ncolimus.
408 1196 472 1261 Sed
493 1213 564 1274 vos,
585 1196 612 1259 si
634 1194 700 1259 fert
719 1195 767 1259 ita
790 1194 885 1259 corde
907 1194 1065 1271 voluntas,

183 1282 255 1346 Hoc
277 1286 428 1364 superate
449 1282 573 1363 iugum,
596 1285 631 1345 et
650 1279 738 1345 facili
758 1280 822 1345 iam
845 1279 975 1345 tramite
998 1278 1117 1344 sistam.

183 1367 285 1446 Dixit,
309 1371 343 1431 et
364 1371 441 1431 ante
462 1366 538 1430 tulit
559 1383 718 1447 gressum,
743 1382 934 1447 camposque
957 1364 1091 1429 nitentis

183 1453 331 1533 Desuper
352 1456 507 1530 ostentat3
531 1452 647 1516 dehinc
668 1469 791 1515 summa
814 1450 979 1515 eacumina
999 1449 1156 1530 linquunt.

266 1539 311 1601 At
331 1542 426 1619 pater
444 1536 601 1602 Anchises
623 1535 753 1618 penitus
774 1534 919 1600 convalle
940 1535 1057 1599 virenti

94 1622 162 1687 680
182 1623 328 1687 Inclusas
350 1623 471 1687 animas
492 1639 707 1703 supemmque
730 1621 772 1685 ad
793 1621 902 1685 lumen
923 1620 1026 1685 ituras
1115 1658 1116 1665 κ

183 1707 357 1771 Lustrabat
378 1707 483 1772 studio
505 1707 664 1784 recolens,
687 1724 879 1788 omnemque
901 1724 1031 1771 suorum
1109 1744 1115 1755 ·

183 1793 282 1856 Forte
301 1793 493 1857 recensebat
513 1810 681 1857 numerum
704 1809 859 1874 carosque
881 1796 1024 1872 nepotes,

183 1878 328 1958 Fataque
348 1876 558 1958 fortunasque
578 1877 683 1941 virum
704 1895 874 1958 moresque
897 1893 1081 1957 manusque.

182 1962 278 2044 Isque
298 1962 354 2027 ubi
377 1964 564 2027 tendentem
585 1964 755 2028 adversum
777 1980 836 2044 per
858 1962 1002 2044 grandnm
1023 1959 1104 2027 vidit

94 2048 160 2113 685
183 2049 330 2126 Aenean,
353 2048 468 2113 alacris
489 2049 612 2129 palmas
633 2052 788 2129 utrasque
811 2048 957 2125 tetendit,

181 2131 375 2213 Effusaeque
396 2134 486 2214 genis
507 2133 671 2210 lacrimae,
693 2137 729 2197 et
749 2151 810 2196 uox
833 2132 951 2197 excidit
972 2150 1043 2197 ore:

183 2217 308 2283 Venisti
329 2220 475 2296 tandem,
496 2222 617 2299 tuaque
640 2223 826 2299 exspectata
847 2218 973 2300 parenti

181 2302 351 2368 Vicititer
373 2303 487 2368 durum
509 2304 634 2385 pietas?
669 2304 766 2368 datur
788 2321 845 2367 ora
867 2303 960 2379 tueri,

180 2388 279 2466 Nate,
302 2393 371 2467 tua,
395 2392 429 2453 et
449 2393 544 2454 notas
566 2388 677 2453 audire
700 2394 735 2453 et
756 2389 893 2453 reddere
914 2388 1031 2451 voces?

93 2473 160 2538 690
181 2473 234 2538 Sic
257 2474 405 2555 equidem
427 2474 583 2540 ducebam
605 2473 710 2540 animo
732 2473 892 2555 rebarque
913 2470 1065 2552 futurum,

182 2560 342 2641 Tempora
362 2560 581 2639 dinumerans,
602 2578 663 2625 nee
685 2578 737 2624 me
759 2578 831 2624 mea
852 2578 928 2624 cura
950 2556 1074 2623 fefellit

182 2645 268 2722 Ques
289 2663 348 2725 ego
371 2650 406 2710 te
427 2651 531 2710 tonas
553 2651 588 2710 et
609 2649 729 2727 quanta
751 2663 809 2728 per
834 2662 974 2726 aequora
994 2647 1124 2708 vectum

182 2729 327 2812 Accipiet
358 2731 486 2812 quantis
507 2731 675 2810 iactatmn,
697 2735 786 2809 nate,
809 2729 949 2812 periclisl

181 2815 283 2892 Quam
304 2817 417 2895 metui,
440 2835 481 2880 ne
503 2816 582 2897 qnid
602 2815 723 2898 Libyae
745 2815 804 2880 tibi
827 2833 928 2897 regna
949 2813 1118 2880 nocerentl

95 2900 162 2965 696
183 2900 243 2965 Ille
265 2906 386 2985 antem:
409 2902 478 2966 Tua
498 2919 564 2979 me,
586 2901 725 2983 genitor,
748 2908 805 2966 tua
825 2901 926 2966 tristis
947 2900 1062 2981 imago,

180 2985 315 3067 Saepius
336 3005 521 3066 occurrens,
544 2986 622 3052 haec
645 2987 755 3052 limina
778 2986 912 3051 tendere
935 2984 1057 3066 adegit,

179 3069 275 3136 Stant
296 3073 363 3137 sale
386 3071 551 3155 Tyrrheno
575 3072 701 3138 classes.
746 3074 797 3137 Da
817 3072 950 3154 iungere
974 3071 1128 3147 dextram,

91 3259 190 3326 erant!
223 3255 283 3310 667.
300 3259 427 3322 Musaeus,
445 3259 556 3324 aequalis
575 3259 682 3326 Orpheo,
700 3267 773 3310 vates
790 3260 855 3326 apud
873 3261 1041 3323 Athenienses,
1060 3259 1191 3325 populares
1210 3275 1277 3322 suos,

91 3330 117 3378 in
134 3342 230 3378 summo
248 3329 339 3378 bonore
356 3327 464 3389 babitus,
481 3329 612 3391 religiones
630 3343 660 3378 ac
677 3330 769 3378 teletas
793 3329 930 3378 instituisse
946 3335 972 3378 et
988 3328 1090 3378 oracula
1108 3327 1201 3392 scripta
1218 3329 1277 3378 reli·

92 3397 178 3462 quisae
194 3391 298 3464 formal
331 3392 391 3445 669.
409 3399 505 3462 optione
527 3398 551 3446 in
573 3397 665 3446 blanda
686 3397 873 3462 compellatione
891 3397 1000 3462 ponitur,
1023 3389 1044 3445 ὦ
1066 3391 1181 3462 λῷστε]
1217 3391 1276 3448 674.

91 3468 155 3530 aa'p.
176 3467 248 3514 tori
275 3470 334 3514 sunt
357 3464 426 3529 ripae
446 3465 470 3514 in
487 3466 538 3515 tori
560 3465 668 3531 speeiem
684 3471 829 3528 surgentes,
853 3463 978 3533 supinae}
1012 3461 1070 3514 676.
1083 3464 1179 3528 sacili,
1204 3461 1278 3514 facile

89 3534 140 3583 iter
157 3531 312 3599 praebente}
346 3529 406 3582 681.
424 3532 562 3583 Lustrabat
577 3533 697 3596 oculis,
714 3533 826 3583 recolens
843 3539 960 3595 mente,
978 3532 1136 3583 considerans
1154 3530 1192 3598 (id
1211 3534 1276 3597 quod

90 3609 117 3652 et
132 3616 216 3666 saepe,
236 3615 333 3662 rec...,
350 3607 377 3650 et
393 3602 513 3664 studiose,
530 3602 627 3664 stadio,
645 3600 767 3667 iaciebat)
785 3601 887 3662 scilicet,
906 3602 960 3666 quis
978 3601 1106 3666 qualisque
1123 3608 1191 3650 esset
1208 3601 1278 3666 quis-

91 3685 140 3735 que
156 3684 243 3720 eornm
261 3668 360 3720 lunens
379 3671 444 3734 apud
461 3685 574 3735 superos.
609 3668 686 3733 quue
703 3669 823 3732 lacebat,
848 3670 905 3734 quia
924 3685 967 3735 spe
987 3669 1037 3726 iarn
1054 3669 1222 3734 praecipiebat
1240 3671 1277 3720 in·

90 3743 199 3788 stantem
215 3738 350 3788 adventum
367 3738 473 3800 Aeneae,
490 3736 522 3788 ei.
540 3754 579 3788 vs.
596 3734 649 3787 690
665 3751 712 3802 sq,
729 3739 770 3786 cul
788 3744 932 3788 ostenturus
950 3745 1007 3788 erat
1025 3738 1070 3786 bas
1088 3738 1196 3800 animas3
1215 3754 1275 3802 ergo

82 3807 164 3871 sorte
179 3821 227 3855 non
245 3812 286 3855 est
302 3820 393 3869 casu,
410 3802 455 3856 sed
472 3807 489 3857 i.
507 3822 531 3871 q.
549 3807 596 3855 hoe
612 3807 666 3872 ipso
683 3813 802 3872 ternpore,
821 3821 869 3871 quo
887 3806 1022 3856 accedebat
1038 3805 1143 3868 Aeaeos,
1164 3813 1276 3858 nostrum

89 3877 167 3937 eben,
193 3875 308 3939 made,
335 3872 457 3924 Gallicum
476 3877 647 3941 jactassent!
682 3871 741 3925 683.
761 3873 842 3936 Fata,
870 3874 958 3938 quibus
985 3889 1079 3924 summa
1105 3875 1182 3925 lodus
1208 3879 1276 3928 vitae

88 3943 208 4061 agrum
220 3943 368 4060 fortunat,
392 3957 468 3993 casus
491 3943 745 4063 irgfflcnientesssffivel
769 3943 888 4060 secutandos
913 3943 953 4060 vebl
971 3944 1150 4064 αὲἔὲωοεὲὸῐ
1168 3959 1275 4064 esrgnaa

266 4025 498 4061 raacornro
582 4027 615 4061 m.
714 4049 769 4065 ..
842 4025 910 4069 .,ν.
1037 4047 1043 4060 .
1144 4049 1150 4062 .

88 4083 194 4145 „garria
213 4026 352 4146 pffiscbrin
369 4027 469 4130 bonini
481 4082 512 4130 de
530 4016 665 4130 doimie'nte
682 4026 866 4146 „lnpzimi‘tsue
887 4047 965 4142 geneis
981 4013 1110 4147 genar'rrf‘l
1144 4029 1276 4132 687.ιῖιέΞ

89 4151 247 4279 Ξέἷί”’ἲ“
262 4147 1277 4280 tt“⁵dtllre“·tl.tstetlllll'ttttltdlbtdtl’

88 4231 235 4348 amedeis
266 4254 327 4335 691⁸.
350 4300 430 4343 eura,
455 4233 589 4350 spesqcum
609 4287 726 4336 nonnulla
750 4231 912 4338 sollicitudine
937 4253 1087 4349 comunem!
1123 4282 1181 4337 692.
1206 4302 1231 4336 v.
1244 4237 1275 4350 ¹1}

88 4349 165 4420 5444
199 4348 259 4402 694
277 4368 365 4419 nempe
382 4359 517 4415 metuerat,
540 4371 571 4404 ne
589 4355 652 4404 llido
673 4369 779 4420 spesque
803 4355 870 4417 regni
888 4353 977 4422 libyci
1000 4355 1107 4402 animum
1125 4353 1222 4403 Aeneae
1241 4354 1276 4403 ab
