2942 4975
94 295 101 310 ’
196 328 264 392 soe
571 325 605 389 Ρ.
625 323 793 388 vsstGILI
814 319 1005 388 nomenis
1040 347 1051 371 ι

285 514 371 580 Vota
393 515 488 578 deum
509 510 612 593 primo
634 510 739 574 victor
761 507 907 574 solvebat
927 509 1005 574 Eoo.

241 600 262 665 5
284 600 454 681 Ingentem
476 613 631 678 quercum
652 593 767 660 decisis
789 594 930 675 undique
950 593 1048 658 ramis

285 683 461 750 Constituit
482 680 606 748 tumulo
628 679 850 761 fulgentiaque
871 679 976 742 induit
998 697 1095 757 arma,

284 768 425 834 Mezenti
448 767 537 848 ducis
560 765 701 843 enudas,
723 764 795 844 tibi,
817 781 946 844 magne,
969 768 1145 844 tropaeum,

171 900 179 930 .,
284 853 497 934 Bellipotens3
519 854 615 933 aptat
631 849 770 914 rorantis
793 848 948 930 sanguine
972 848 1085 913 cristas

285 938 427 1019 Telaque
448 942 565 1000 trunca
584 934 645 999 viri
668 940 702 999 et
722 933 772 999 bis
795 951 851 998 sex
873 933 1006 998 thoraca
1026 933 1164 1014 petitum

225 1024 267 1088 10
288 1022 537 1103 Perfossumque
559 1020 652 1098 locis,
675 1019 877 1101 clipeumque
898 1037 938 1083 ex
960 1036 1035 1082 aere
1057 1017 1208 1084 sinistrae

287 1107 447 1188 Subligat,
471 1111 568 1187 atque
591 1121 700 1170 ensem
722 1103 805 1168 eollo
827 1103 995 1184 suspendit
1017 1102 1181 1168 eburnum.

287 1194 368 1259 Tum
390 1191 506 1270 socios,
528 1207 666 1271 namque
688 1188 790 1254 omnis
814 1207 886 1253 eum
909 1188 1027 1270 stipate
1049 1187 1181 1269 tegebat

287 1277 397 1342 Turba
418 1277 547 1355 dueum,
569 1273 792 1354 sicincipiens
814 1275 963 1340 hortatur
985 1273 1123 1338 ovantis:

286 1363 437 1428 Maxuma
457 1379 510 1426 res
533 1359 660 1438 effecte,
680 1359 754 1439 viri;
777 1359 873 1423 timor
895 1358 997 1423 omnis
1021 1358 1140 1438 abesto,

195 1508 199 1524 ,
224 1446 264 1511 15
285 1445 664 1597 puodtisuperestthaec
686 1443 885 1594 suntspfflia
907 1443 1003 1592 attide
1019 1461 1102 1592 llisga
1125 1443 1266 1593 stuperbo

769 1548 780 1592 1
873 1547 932 1592 zn
960 1547 998 1592 us
1042 1547 1072 1592 1c
1094 1547 1112 1592 e
1146 1577 1152 1592 .

227 1653 231 1658 ’
286 1551 385 1683 Nffir
401 1550 466 1681 1ῗὲιῖ
485 1547 968 1696 ῗάὃᾞοέἒὲιυῗῑοῗίθεεωυξοεθᾳυθ
989 1547 1130 1678 Latinoss.

286 1703 387 1767 Arma
407 1705 520 1783 parate
542 1700 669 1778 animis,
691 1704 726 1764 et
747 1717 805 1780 spe
827 1697 1022 1780 praesumite
1044 1699 1172 1778 bellum,

288 1787 424 1867 Neque
444 1803 536 1850 mora
555 1785 697 1866 ignaros,
718 1785 774 1848 ubi
794 1785 931 1865 primum
953 1784 1073 1848 vellere
1096 1783 1188 1865 signa

222 1870 266 1935 20
287 1871 470 1936 Adnuerint
491 1870 599 1951 superi
620 1869 802 1950 pubemque
826 1871 963 1936 educere
986 1869 1107 1948 castris,

288 1955 450 2036 Inpediat,
472 1954 620 2035 segnisve
642 1958 731 2018 metu
753 1955 914 2019 sententia
937 1955 1052 2019 tardet.

288 2041 419 2105 Interea
440 2039 542 2104 socios
563 2039 793 2119 inhumataque
817 2057 952 2121 corpora
974 2044 1082 2104 terrac

288 2124 490 2203 Mandemus,
513 2123 568 2205 qui
589 2124 677 2188 solus
698 2122 801 2189 honos
822 2125 1006 2188 Acheronte
1029 2123 1087 2188 sub
1109 2123 1173 2188 imo
1197 2127 1255 2188 est.

288 2210 353 2289 Ite,
374 2209 433 2288 ait,
456 2209 601 2291 egregias
624 2209 758 2287 animae,
782 2227 864 2290 quae
888 2209 1042 2290 sanguine
1063 2208 1155 2273 nobis

224 2293 267 2359 25
288 2295 382 2360 Hanc
403 2295 540 2376 patriam
562 2312 718 2376 peperere
742 2312 813 2373 suo,
837 2295 987 2359 decorate
1009 2293 1166 2374 supremis

288 2380 489 2459 Muneribus,
510 2384 729 2459 maestamque
751 2379 894 2444 Euandri
916 2379 1036 2460 primus
1058 2379 1099 2442 ad
1120 2377 1233 2444 urbem

288 2465 440 2530 Mittatur
460 2464 581 2543 Pallas,
602 2482 699 2546 quem
720 2482 786 2529 non
808 2464 935 2530 virtutis
959 2469 1108 2547 egentem

288 2551 433 2615 Abstulit
454 2555 526 2616 atra
547 2550 616 2615 dies
639 2554 672 2613 et
693 2548 807 2614 funere
829 2550 941 2615 mersit
964 2550 1088 2615 acerbo.

372 2634 425 2701 Sic
447 2636 493 2700 ait
512 2634 716 2701 inlacrimans
739 2634 916 2717 recipitque
939 2636 980 2699 ad
1001 2634 1112 2699 limina
1134 2652 1288 2715 gressum,

224 2719 268 2783 30
290 2719 413 2801 Corpus
434 2720 489 2784 ubi
513 2719 648 2785 exanimi
668 2719 810 2801 positum
832 2720 987 2785 Pallantis
1009 2720 1147 2785 Acoetes

290 2803 447 2869 Servabat
468 2805 587 2882 senior,
610 2804 664 2885 qui
686 2804 856 2869 Parrhasio
878 2805 1030 2869 Euandro

289 2888 439 2969 Armiger
461 2893 536 2953 ante
558 2888 632 2968 fuit,
655 2890 799 2953 sednon
821 2887 968 2955 felicibus
990 2908 1091 2971 aeque

291 2974 373 3037 Tum
396 2991 503 3037 comes
525 2973 674 3055 auspiciis
697 2992 771 3038 caro
795 2974 889 3039 datus
911 2975 980 3040 ibat
1002 2975 1138 3039 alumno.

292 3057 418 3123 circum
441 3058 542 3123 omnis
563 3057 783 3139 famulumque
806 3078 917 3124 manns
941 3060 1142 3140 Troianaque
1164 3057 1261 3123 turba

225 3142 268 3207 35
289 3143 333 3208 Et
355 3147 513 3209 maestum
534 3143 653 3209 Iliades
676 3144 796 3209 crinem
819 3145 859 3208 de
881 3162 970 3209 more
993 3144 1125 3209 solutae.

205 3313 348 3430 uecffienda
366 3319 432 3378 sunt,
450 3329 480 3363 ac
497 3314 519 3364 si
535 3321 609 3380 pocta
627 3314 733 3365 dixerit:
752 3310 830 3379 eique
848 3310 908 3365 curel
919 3316 1022 3365 turbata
1035 3330 1103 3364 inens
1117 3318 1177 3371 estl
1213 3309 1238 3363 4.
1256 3309 1290 3363 V.
1304 3314 1386 3375 daura,

203 3398 228 3432 v.
265 3377 350 3445 ,tlt
368 3408 402 3417 -
416 3395 457 3448 pr.
475 3380 539 3444 Eoo,
557 3381 589 3431 ci.
606 3380 631 3445 3,
649 3377 724 3448 5884
759 3378 783 3432 6.
807 3383 921 3445 lentulo,
945 3383 1047 3433 Servius
1070 3384 1115 3446 „in
1140 3382 1209 3434 colle.
1234 3381 1386 3433 Sallustio

204 3448 332 3515 Pompeio:
357 3449 467 3500 Devictis
489 3450 604 3516 Hispanis
626 3456 730 3515 tropaea
752 3452 776 3499 in
794 3450 931 3518 Pyrenaeis
954 3452 1018 3515 iugis
1041 3446 1207 3509 constitnit.“l
1243 3447 1268 3500 9.
1299 3448 1327 3501 T.
1347 3456 1386 3510 tr,

203 3516 300 3568 fractas
318 3519 418 3579 hastas,
443 3516 472 3567 cl'.
493 3516 534 3580 10,
551 3514 603 3568 882
620 3517 687 3582 sqq!
724 3516 765 3567 11,
789 3520 890 3580 ebera,
915 3517 945 3569 ci.
971 3517 995 3578 9,
1013 3514 1086 3577 aaut
1124 3517 1164 3571 15.
1188 3519 1217 3581 Q.
1241 3535 1277 3582 a,
1301 3521 1333 3567 tle
1351 3534 1386 3580 eo,

205 3585 270 3649 quod
287 3586 408 3650 reliquum
425 3592 466 3635 est
483 3585 549 3636 belli.
561 3614 594 3623 —
606 3586 638 3636 de
649 3603 718 3651 rege,
737 3593 826 3653 eaptus
838 3588 869 3637 de
882 3591 933 3649 Μ’
952 3585 994 3637 16.
1012 3588 1157 3648 Primitiae,
1177 3586 1234 3652 quie
1246 3587 1385 3637 inchoatum

205 3659 244 3701 cet
261 3654 364 3716 bellum,
383 3653 651 3705 nondumconlectum.
669 3656 773 3717 -bic,
796 3671 867 3719 quam
889 3656 979 3707 videtis
1002 3655 1115 3706 manibus
1138 3656 1199 3705 mais
1216 3656 1386 3716 constitutum,

205 3717 342 3770 Mezentius
359 3728 411 3781 est;
429 3721 460 3774 cs.
479 3739 516 3772 vs.
536 3719 607 3782 1734
643 3719 676 3772 18
694 3738 747 3788 sqq.
772 3723 844 3773 animi
867 3724 947 3773 vestri
971 3723 1046 3782 deliaci
1064 3724 1154 3773 sintin
1173 3723 1249 3772 armis
1269 3724 1385 3789 parandis

206 3784 248 3846 (cl.
261 3784 366 3851 6‚105),
384 3806 423 3852 ne,
441 3792 536 3855 qnando
554 3791 712 3857 pugnandum
725 3792 782 3854 erit,
799 3806 869 3841 mora
881 3793 914 3843 sit
925 3792 949 3840 in
961 3792 1041 3853 vobis,
1059 3797 1083 3841 et
1101 3807 1131 3840 ne
1148 3797 1288 3845 metuavos
1301 3806 1386 3855 segnes

206 3852 304 3917 reddat,
321 3858 368 3907 toti
384 3865 465 3908 estote
482 3860 506 3907 in
524 3860 672 3922 cogitatione
689 3858 768 3909 lirturi
785 3860 859 3922 belli,
881 3859 912 3909 ef.
931 3875 970 3909 vs.
988 3857 1039 3909 491
1057 3866 1083 3909 et
1101 3856 1124 3922 9,
1143 3855 1216 3920 1584
1251 3856 1295 3908 21.
1314 3876 1385 3924 sega.
1461 3920 1462 3925 ¹

206 3924 348 3985 seruientia,
374 3940 447 3987 segne
470 3918 619 3988 musteum!
664 3925 706 3977 23.
733 3928 866 3978 Homerus:
891 3918 924 3977 τὸ
944 3918 998 3993 γὰρ
1021 3928 1107 3995 γέρας
1132 3925 1193 3977 tort
1215 3918 1386 3993 θανόντων]

205 3986 248 4040 27.
272 3990 349 4039 idem:
373 3984 442 4042 οὐδέ
462 4009 489 4042 τι
511 3988 595 4057 ἀλκῆς
619 3986 802 4063 δευόμενονΙ
843 3992 885 4045 29.
910 3996 970 4046 Cum
993 4010 1082 4061 corpus
1100 3994 1222 4045 Pallantis
1246 3995 1385 4045 indumen

206 4057 300 4120 regiam
325 4055 378 4122 (vs,
401 4056 435 4109 36
456 4068 483 4111 et
505 4059 550 4127 38)
573 4063 669 4114 illatum
691 4071 771 4127 esset,
796 4066 909 4127 Aeneae,
931 4065 972 4129 qui
994 4064 1106 4130 proximo
1130 4078 1201 4113 manc
1225 4063 1272 4113 diis
1292 4064 1385 4128 superis

205 4124 290 4174 votum
310 4124 439 4177 soluturus
457 4137 536 4193 esset,
557 4133 692 4181 cavendum
714 4131 775 4195 luit,
799 4148 829 4183 ne
854 4133 999 4195 contagione
1017 4133 1107 4181 mortui
1125 4138 1183 4181 unte
1201 4129 1384 4190 funestaretnr3

206 4208 284 4257 quare
302 4195 398 4245 reddito
417 4196 512 4246 demum
530 4205 589 4247 voto
607 4201 704 4250 domum
723 4215 751 4249 se
769 4200 862 4265 recipit,
882 4216 929 4265 quo
958 4207 999 4251 out
1010 4199 1268 4266 prolectiouemanam
1281 4200 1385 4250 nondum

204 4262 290 4327 pedem
306 4258 448 4331 intulerat!
481 4262 768 4332 30.pos.,v.2,644,1
803 4264 844 4318 31.
865 4266 928 4332 v.8‚
1008 4275 1034 4319 et
1050 4264 1186 4330 132,th
1222 4265 1264 4319 35.
1283 4260 1384 4329 mares,

205 4336 275 4397 putu,
293 4346 356 4397 quac
372 4334 504 4385 maritos
522 4350 594 4385 suos
612 4342 712 4386 aecumc
729 4343 801 4386 erant
818 4351 953 4403 earumque
965 4337 1041 4400 lillue3
1061 4337 1096 4387 sic
1108 4339 1167 4387 baec
1178 4335 1322 4386 conciliabis
1334 4350 1384 4385 cum
