2942 4975
181 377 241 419 vm

183 540 238 607 ubi
260 540 303 624 (p.
317 540 396 625 314)
418 541 516 607 etiam
536 537 602 633 Ilio
624 540 663 607 G.
683 540 713 621 3,
728 538 793 605 202
814 537 952 619 delendi,
972 540 1060 622 quod
1081 539 1116 605 in
1138 540 1199 605 hac
1221 520 1368 608 editione

112 711 116 719 .
182 678 353 743 perperam
374 660 407 725 in
429 660 518 723 Hane
538 660 708 745 mutavi.*)
734 696 779 708 -
805 659 953 741 Denique
974 658 1049 725 huie
1072 658 1205 725 editioni
1225 659 1369 728 iudicem

183 798 292 845 remam
314 779 548 863 ruborumque
569 780 602 844 in
626 776 863 846 commentariis
878 778 1110 861 explicatorum
1124 778 1235 859 adieci,
1247 779 1292 845 'in
1305 780 1369 847 hae

183 916 312 981 quoque
326 916 362 965 re
378 918 417 965 ea
430 898 589 966 brevitate
608 916 694 979 usus,
715 916 798 981 quae
819 898 902 964 hano
923 898 1133 981 appendicem
1154 916 1220 964 uon
1243 898 1370 965 sineret

183 1016 217 1085 iu
239 1034 389 1101 magnum
412 1036 526 1102 carpam
549 1036 702 1084 creseere.
1248 1084 1260 1097 ⁸

270 1136 329 1203 His
351 1138 398 1206 ita
419 1138 500 1206 aetia
522 1137 683 1203 nemiuem
705 1156 799 1219 spero
821 1141 888 1202 tam
908 1135 1054 1219 iniquum
1074 1134 1160 1215 lore,
1181 1131 1312 1217 qui'me
1334 1136 1371 1203 id

184 1252 325 1325 fideliter
340 1256 444 1340 egisse
458 1262 566 1341 neget
588 1263 625 1324 ut
639 1257 719 1325 haec
737 1256 835 1322 tertia
855 1255 1072 1338 superioribus
1092 1255 1195 1321 multo
1214 1256 1373 1324 evaderet

107 1392 112 1397 ·
185 1376 424 1457 praestabilium
453 1381 487 1443 et
509 1382 617 1443 tamen
639 1376 766 1459 quaudo
796 1380 858 1442 sat
879 1375 1018 1440 Troiae
1039 1374 1272 1457 Priamoque
1301 1376 1373 1443 da·

184 1498 264 1559 tum
285 1514 357 1563 ease
379 1495 607 1579 gloriabimur?

272 1664 338 1731 Sor.
361 1665 532 1733 Dresdae
555 1685 665 1732 mense
686 1664 778 1731 Iunio
804 1664 894 1730 1861.

188 1855 391 1865 -Ἦ

255 1971 284 2040 ')
303 1972 365 2025 Cum
382 1975 570 2025 eommeatarioa
588 1990 656 2027 meos
672 1976 723 2025 iam
739 1974 900 2043 typographo
911 1972 1032 2039 Lipsiensi
1043 1972 1212 2036 malitiosam,
1228 1973 1292 2036 nusi,
1311 1974 1376 2025 dun

187 2074 278 2125 operae
296 2065 454 2123 exercentur,
472 2061 579 2111 nonnihil
597 2061 832 2127 supplementorum
858 2060 903 2109 lroo
921 2058 993 2125 modo
1011 2056 1104 2108 laetum
1121 2064 1173 2121 eat,
1197 2064 1225 2109 ut
1242 2058 1286 2122 iia,
1306 2074 1377 2124 quae

188 2144 336 2210 scripseram
354 2145 415 2195 Aen.
433 2141 458 2209 6,
475 2141 540 2209 585,
564 2147 742 2207 adversentur,
764 2160 827 2211 quae
848 2144 933 2193 atatim
951 2144 1145 2209 subsequuntur.
1180 2142 1267 2208 ltaque
1284 2144 1377 2210 priora

186 2230 230 2279 illa
248 2230 328 2293 ,mam
345 2230 468 2282 interdum
529 2232 706 2297 obsequimum‘
724 2231 828 2281 sublata
843 2228 935 2279 malim.
950 2254 985 2265 —
1002 2229 1063 2279 Aen.
1079 2226 1103 2288 1,
1115 2225 1134 2279 3
1145 2244 1182 2294 aq.
1201 2244 1265 2294 quaa
1281 2230 1378 2295 scripsi

187 2315 268 2378 „dam
293 2316 416 2368 conderet
488 2314 568 2383 800,“
593 2324 639 2368 aut
662 2318 743 2367 omnia
768 2316 913 2378 deleantur,
940 2321 986 2366 aut
1008 2321 1076 2366 certe
1099 2315 1161 2367 iaec
1188 2312 1236 2378 „G.
1254 2312 1285 2377 4,
1301 2309 1378 2365 457“

188 2407 290 2452 auctora
313 2401 397 2451 Ernan.
422 2402 586 2454 llolmanno
610 2404 677 2467 „Dia
701 2402 882 2453 Conatmetion
906 2400 953 2451 dar
977 2399 1146 2450 lateiniselten
1167 2398 1378 2466 Zaitpartikeln“

187 2503 244 2554 pag.
263 2488 369 2554 penult„
394 2505 441 2556 quo
465 2489 548 2540 libello
569 2505 612 2550 *res
637 2490 713 2540 multa
733 2489 854 2553 variaque
876 2503 931 2537 eum
954 2487 1107 2536 contentione
1130 2487 1242 2548 agitatae
1266 2481 1379 2537 feliciter

188 2574 338 2639 compositae
354 2574 477 2626 videntur.
495 2603 530 2614 -
546 2575 585 2626 Aul
604 2576 665 2624 Aen.
683 2571 710 2638 5,
726 2571 789 2624 6202
811 2573 981 2626 Morinorum
999 2586 1063 2620 nune
1081 2586 1098 2620 a
1114 2586 1154 2621 me
1171 2571 1315 2622 restitutum
1333 2578 1380 2622 ost

187 2661 248 2707 Aen.
266 2655 290 2720 9,
309 2655 367 2710 685.
391 2685 423 2696 -
447 2661 508 2709 Aen,
527 2656 553 2723 8,
572 2656 622 2710 108
640 2662 730 2709 tacitis
749 2660 889 2726 imprudens
907 2656 995 2722 reliqui
1017 2670 1062 2720 pro
1088 2657 1199 2717 weitos,-
1224 2657 1270 2706 troo
1291 2657 1379 2722 ipsum

185 2748 291 2793 tacere
308 2743 452 2794 insidiosum
469 2745 549 2794 videri
566 2751 673 2811 poterut.
691 2773 725 2781 -
744 2745 804 2795 Aen.
823 2741 849 2805 2,
867 2738 919 2793 430
936 2742 1044 2792 tollenda
1062 2746 1101 2791 est
1118 2741 1213 2803 notula,
1232 2741 1290 2791 item
1309 2741 1381 2792 Aen.

189 2824 231 2888 12,
249 2825 300 2879 273
318 2829 397 2879 verba
416 2845 485 2895 ,pua
503 2855 537 2866 -
553 2827 614 2880 54.“
