2942 4975
233 285 295 352 218
604 287 637 350 Ρ.
659 285 824 350 VIRGILI
847 284 1037 392 amnonis

318 474 346 554 Ι,
370 493 472 553 soror,
494 478 592 556 atque
614 473 739 537 hostem
761 473 895 554 supplex
917 470 1028 538 adfare
1049 475 1236 554 superbum:

232 560 296 626 425
318 522 391 626 Ν8ιι
415 577 473 640 ego
497 578 568 623 cum
590 558 709 624 Danais
732 558 903 622 Troianam
926 558 1112 624 exscindere
1135 565 1265 642 gentem

318 645 434 710 Aulide
455 645 571 724 iuravi,
594 645 768 708 classemve
790 644 830 707 ad
852 644 1010 725 Pergama
1029 643 1109 722 misi,

318 730 385 796 Neo
407 730 508 812 patris
529 729 689 795 Anchisae
712 729 852 794 cinerem
874 728 1017 807 Manisve
1039 730 1165 794 revelli:

319 816 382 881 Cur
403 833 474 880 mea
497 815 583 880 diota
604 819 701 896 negat
724 815 820 878 duras
842 813 1014 879 demittere
1034 815 1068 878 in
1089 815 1197 880 auris?

318 901 387 978 Quo
409 901 495 965 ruitl
529 905 706 964 extremum
728 899 790 963 hoc
812 898 948 963 miserae
971 900 1026 964 det
1047 919 1163 965 munus
1184 902 1316 970 amanti:

231 986 296 1050 430
317 986 491 1068 Exspectat
513 985 702 1065 facilemque
724 983 834 1066 fugam
856 990 1033 1066 ventosque
1054 983 1197 1051 ferentis.

317 1072 389 1137 Non
411 1072 474 1135 iam
497 1070 678 1151 coniugium
700 1070 880 1150 antiquum,
902 1070 989 1151 quod
1010 1071 1163 1152 prodidit,
1187 1090 1254 1151 oro,

316 1157 384 1221 Noc
405 1156 538 1237 pulchro
560 1160 598 1218 ut
619 1155 711 1220 Latio
734 1160 842 1220 careat
861 1173 1061 1236 regnumque
1081 1157 1258 1239 relinquat3

318 1243 456 1323 Tempus
479 1241 573 1305 inane
595 1245 685 1322 peto,
707 1241 851 1322 requiem
873 1241 1074 1322 spatiumque
1096 1240 1206 1321 furori,

316 1326 400 1390 Dum
422 1345 494 1390 mea
514 1343 565 1390 me
587 1325 704 1390 victam
727 1319 841 1390 doceat
862 1324 993 1390 fortuna
1014 1327 1132 1390 dolere.

124 1473 126 1490 ,
231 1412 295 1476 435
316 1412 501 1476 Extremam
524 1411 605 1476 hanc
628 1430 684 1476 oro
707 1411 832 1475 veniam
854 1448 898 1458 —
919 1412 1072 1476 miserere
1094 1413 1214 1476 'sororis
1236 1433 1294 1492 -3

317 1497 419 1574 Quam
441 1497 518 1562 milri
542 1516 612 1561 cum
635 1497 774 1575 dederis,
797 1496 990 1562 cumulatam
1012 1502 1116 1562 morte
1138 1498 1311 1562 remittam.

399 1582 529 1647 Talibus
551 1583 676 1661 orabat,
699 1582 837 1662 talisque
857 1583 1037 1646 miserrima
1057 1581 1153 1646 fletus

316 1668 457 1748 Fertque
479 1667 642 1748 refertque
665 1686 764 1731 soror.
809 1667 872 1732 Sed
894 1668 990 1732 nullis
1012 1667 1068 1731 ille
1089 1673 1239 1732 movetur

315 1753 473 1830 Fletibus,
496 1757 552 1817 aut
573 1771 667 1816 voces
690 1753 773 1816 ullas
795 1753 973 1818 tractabilis
995 1753 1097 1832 audit3

229 1838 294 1902 440
315 1839 397 1902 dilata
419 1838 559 1916 obstant,
582 1838 788 1919 placidasque
809 1839 870 1902 viri
891 1839 971 1902 deus
993 1839 1132 1902 obstruit
1153 1840 1249 1904 auris.

315 1925 363 1988 Ac
384 1922 473 1986 velut
496 1941 617 1988 annoso
639 1923 778 1987 validam
800 1941 871 1987 curn
893 1924 1009 1988 robore
1031 1941 1184 2005 quercum
1216 1963 1222 1980 ι

315 2008 423 2090 Alpini
445 2009 571 2072 Boreae
592 2026 677 2073 nunc
699 2009 773 2073 hinc
794 2027 879 2073 nuno
901 2007 1029 2074 flatibus
1050 2010 1139 2074 illinc

315 2095 438 2158 Ernere
459 2094 546 2158 inter
568 2113 603 2158 se
625 2099 764 2172 cortant;
786 2094 813 2158 it
834 2094 965 2172 stridor,
988 2099 1022 2158 et
1044 2095 1129 2159 altae

318 2179 536 2245 Consternunt
558 2184 677 2245 terram
701 2197 854 2244 concusso
877 2180 987 2260 stipite
1008 2179 1152 2258 frondes3

229 2264 294 2330 445
316 2266 391 2347 Ipsa
411 2266 526 2330 haeret
547 2266 698 2347 scopulis,
721 2271 767 2344 et,
790 2270 945 2346 quantum
967 2265 1089 2330 vertice
1111 2267 1152 2330 ad
1174 2285 1271 2332 auras

315 2351 497 2430 Aetherias,
520 2355 645 2415 tantum
668 2351 775 2415 radice
797 2352 830 2414 iu
854 2351 989 2415 Tartara
1011 2351 1127 2416 tendit:

314 2437 409 2502 Haud
432 2454 523 2502 secus
547 2437 686 2503 adsiduis
708 2436 783 2501 hinc
805 2441 901 2518 atque
923 2437 997 2501 hinc
1019 2437 1150 2503 vocibus
1171 2437 1268 2504 heros

210 2552 214 2557 ¹
315 2523 486 2602 Tunditur‚
510 2529 543 2588 et
565 2542 680 2606 magno
703 2523 862 2604 persentit
882 2528 1015 2604 pectore
1037 2541 1143 2602 cnras3

314 2609 407 2673 Mens
428 2608 551 2673 inmota
571 2613 693 2687 manet,
716 2609 867 2673 lacrimae
887 2608 1061 2673 volvunt-ur
1082 2608 1203 2673 inanes.

228 2693 293 2760 450
401 2693 481 2757 Tum
504 2712 580 2757 vero
601 2692 711 2757 infelix
732 2692 808 2758 fatis
831 2694 986 2758 exterrita
1005 2694 1089 2758 Dido

314 2778 453 2843 Mortem
476 2783 559 2857 orat3
582 2779 693 2844 taedet
715 2779 795 2843 caeli
819 2798 959 2843 convexa
981 2780 1073 2843 tueri.

316 2863 385 2939 Quo
408 2862 509 2944 magis
526 2863 693 2945 'inceptum
715 2870 850 2946 peragat
872 2866 1039 2945 lucemque
1060 2863 1231 2944 relinquat,

314 2948 416 3026 Vidit,
439 2948 620 3013 turicremis
644 2968 714 3013 cum
738 2950 822 3014 dona
843 2950 1014 3031 inponeret
1035 2950 1099 3013 aris
1121 2984 1160 2994 —

314 3034 518 3098 Horrendum
541 3034 694 3099 dictu-
716 3035 828 3099 latices
849 3036 1033 3116 nigrescere
1055 3052 1163 3099 sacros
1196 3114 1202 3119 .

228 3118 292 3183 455
312 3119 461 3200 Fusaque
483 3119 517 3182 in
539 3119 711 3184 obscenum
735 3138 769 3185 se
791 3125 919 3185 vertere
941 3120 1015 3185 vina
1036 3138 1192 3185 cruorem.

228 3289 302 3359 2981
336 3288 395 3342 424,
413 3292 520 3353 bostran,
538 3292 594 3356 quia
611 3292 682 3341 laesa
699 3298 739 3341 est
756 3291 818 3341 Dido
841 3292 872 3341 ab
896 3306 937 3353 eo,
960 3294 1114 3357 superbum,
1136 3291 1194 3355 quie
1216 3292 1332 3356 precibus
1354 3292 1397 3343 eins

228 3378 273 3412 non
293 3357 426 3424 cesserat!
462 3357 521 3409 427.
540 3360 639 3425 proprie
657 3360 772 3410 dicuntur
789 3361 902 3425 scpulcra
915 3360 1009 3421 revelli,
1027 3372 1107 3425 eaque
1119 3374 1148 3408 re
1159 3356 1397 3427 uoluntarium}

226 3426 287 3481 428.
306 3431 386 3490 dicta,
405 3423 512 3496 preces}
546 3425 606 3477 434.
625 3428 718 3492 dolere,
737 3430 827 3478 omisso
839 3428 924 3479 furore
937 3428 1090 3493 (svamm)
1109 3428 1140 3475 ad
1154 3427 1275 3490 dolorem,
1293 3430 1397 3479 leniore·

227 3498 349 3559 aflectum,
368 3498 528 3559 descendam
546 3496 577 3546 of.
590 3497 663 3547 ovio.
676 3496 776 3546 lleroid.
789 3496 814 3559 7,
827 3492 982 3563 rit-1804
1011 3493 1071 3546 436.
1090 3495 1253 3546 cumulatam
1266 3501 1398 3556 remittam,

226 3566 291 3631 qnod
308 3567 366 3616 mibi
384 3574 482 3630 gratnm
500 3565 602 3627 feceris,
620 3567 798 3615 remunerabor
813 3568 864 3627 ita,
888 3566 988 3631 utplus
1006 3564 1073 3615 feras
1091 3580 1107 3614 a
1124 3580 1177 3626 mc,
1196 3580 1273 3629 quam
1290 3582 1336 3630 ego
1351 3581 1365 3615 a
1379 3572 1400 3613 te

225 3647 352 3699 decepero.
376 3662 410 3673 --
433 3638 531 3695 morte,
554 3648 608 3684 oum
630 3634 730 3683 moriar.
753 3662 788 3671 -
810 3633 876 3685 Nota
902 3641 960 3684 sunt
982 3632 1118 3684 inofficiosa
1142 3637 1308 3698 testamentu3
1332 3636 1398 3697 igitur

226 3702 294 3751 haud
312 3702 361 3751 scio
380 3718 410 3751 nn
429 3705 489 3753 bueo
507 3703 588 3752 oratio
607 3703 728 3767 pertinent
752 3704 785 3752 ud
807 3710 906 3767 gratnm
929 3702 1112 3766 officiossmque
1132 3702 1249 3767 pietatem
1268 3717 1314 3768 per·
1329 3710 1408 3753 cesa--

226 3776 333 3821 mentum
342 3770 503 3835 probandam.
531 3768 601 3835 Quae
614 3771 787 3836 interpretatio
797 3773 819 3821 sl
832 3773 871 3821 eni
882 3773 938 3822 visa
950 3773 1023 3821 erite
1034 3771 1125 3820 nostris
1137 3770 1252 3821 seumbus
1264 3772 1399 3831 abhorrere,

225 3839 247 3889 is
266 3838 340 3888 velim
358 3840 494 3889 meminerit
510 3854 558 3888 non
576 3840 686 3906 potuisse
702 3842 824 3891 mentions
840 3838 898 3890 talis
915 3842 953 3891 rei
970 3839 1075 3889 animum
1088 3838 1171 3888 Annae
1182 3837 1283 3900 offendi,
1301 3842 1399 3907 quises

225 3920 294 3957 more
311 3904 429 3968 Romano,
447 3922 518 3972 quern
536 3908 605 3973 sequi
622 3909 722 3959 videtur
740 3914 821 3975 poeta,
840 3908 941 3971 fratres,
959 3923 1066 3964 sorores.
1084 3907 1128 3957 alii
1146 3907 1285 3973 propinqui,
1305 3922 1399 3975 sperare

225 3981 250 4026 et
267 3975 390 4026 debebant
407 3981 432 4024 et
444 3982 590 4026 consuerunt
602 3992 629 4027 se
641 3992 686 4026 non
700 3977 861 4041 praeteritum
874 3977 905 4026 iri
918 3992 934 4026 a
945 3973 1089 4038 testatore!
1115 3972 1176 4025 438.
1188 3976 1279 4042 Fertq.
1290 3979 1398 4043 πίονές.

224 4046 313 4095 iterum
331 4043 468 4107 iterumque
485 4041 544 4105 fert3
563 4044 594 4094 cf.
613 4060 651 4094 vs.
669 4042 744 4113 4474
777 4040 837 4095 441.
854 4047 954 4109 robore,
965 4039 1077 4112 trunco}
1111 4041 1171 4096 449.
1191 4043 1310 4096 lacrimas
1327 4045 1399 4096 fundit

224 4113 336 4177 Aeneas,
357 4117 386 4161 ut
402 4124 493 4161 causae
516 4112 616 4163 Didonis
638 4112 697 4161 nihil
718 4112 876 4179 profuturas,
898 4114 934 4163 its
949 4121 1040 4164 tamen
1061 4113 1144 4163 mitem
1166 4126 1197 4162 ao
1222 4114 1399 4165 misericordem

225 4182 331 4232 animum
353 4177 536 4248 testificantes!
574 4176 634 4232 450.
647 4181 724 4244 satis
747 4186 813 4244 scot,
836 4196 972 4246 agnoscens
995 4182 1048 4232 fata
1069 4196 1116 4231 sua
1138 4177 1310 4250 perterretur!
1345 4178 1399 4232 451.

225 4251 300 4318 Soph.
319 4250 358 4301 Αἰ.
376 4244 428 4300 840
445 4243 486 4308 „ab
504 4239 627 4311 Θάνατε,
646 4240 770 4312 savara,
794 4247 848 4301 νῦν
869 4245 899 4318 μ’
921 4249 1076 4314 ἐπίσκεψαι
1092 4242 1240 4317 μολώνΙἽ
1274 4248 1334 4303 452.
1350 4250 1400 4315 Quo

224 4320 304 4382 mapa
322 4320 443 4387 inceptum
461 4324 574 4385 peraget,
594 4332 627 4369 eo
644 4317 842 4385 impellitur,
860 4320 947 4386 quod
963 4319 1027 4369 vidit
1043 4317 1105 4382 ceti
1139 4314 1198 4368 455.
1217 4320 1362 4383 messum,
1377 4334 1399 4368 v.
