2942 4975
220 341 261 381 XX

219 507 391 567 descendere
412 509 497 579 pater
517 520 580 563 eum
601 504 731 579 iusserat,
754 506 895 580 docetque
915 522 1028 569 omnem
1049 507 1192 572 rationem
1212 509 1336 567 mtornm
1355 510 1398 569 lo

220 608 332 663 corum;
359 590 441 649 addit
462 588 614 663 Anchises,
642 606 714 663 quae
740 591 793 649 illa
817 592 1021 665 praeterierat,
1049 591 1182 666 idemque
1208 595 1317 653 evolvit
1337 592 1398 654 fata

219 682 400 753 posterorum
421 677 537 735 Aeneae
558 674 738 749 absolvitque
759 676 901 750 quandam
924 678 1005 751 quasi
1026 678 1178 737 historiam
1204 679 1321 752 imperii
1340 679 1399 739 Ro

220 764 305 821 mani.
355 762 403 822 Ita
432 766 517 822 aucto
550 762 645 820 animo
681 776 812 821 reversus
843 761 956 821 Aeneas
993 764 1086 822 classe
1116 764 1229 823 vehitur
1261 763 1397 825 Caietam

219 848 282 907 Lib.
305 848 384 906 vm:
413 848 630 906 Praetervectus
655 846 778 905 insulam
799 845 894 906 Circes
919 847 1034 907 tandem
1065 847 1197 909 adfertur
1221 849 1252 907 in
1273 850 1397 909 Latium.

218 934 264 992 lbi
278 950 395 1008 regnum
411 930 548 991 Laurenti
565 932 682 991 tenebat
696 931 824 1004 Latinus,
847 933 896 1007 qui
911 933 1062 992 destitutus
1083 934 1160 993 virili
1175 934 1265 1008 prole
1286 937 1397 995 unicam

219 1019 345 1079 habebat
366 1018 462 1090 liliam,
485 1016 642 1090 Lavinium,
664 1019 746 1091 regni
768 1018 902 1077 heredem
923 1016 1057 1077 inituram.
1100 1020 1184 1078 Hauc
1204 1019 1260 1078 sibi
1278 1020 1398 1093 iurum,

218 1106 325 1165 iuvenis
353 1103 538 1175 lonasimus,
567 1118 620 1161 rer
648 1102 831 1176 Rutulorum,
862 1104 962 1177 populi
987 1103 1097 1176 Latini,
1127 1106 1158 1163 in
1185 1106 1398 1165 matrimonium

218 1190 336 1273 petebat
357 1193 498 1249 affluente
519 1193 611 1247 matre
633 1188 763 1262 virginis,
785 1195 870 1261 patre
891 1188 1045 1262 abnuente,
1062 1190 1140 1263 ‚quia
1161 1191 1243 1249 varia
1263 1196 1399 1264 portenta

220 1282 249 1335 et
275 1291 413 1349 responsa
438 1279 535 1333 vatum
562 1273 706 1347 ipsiusque
728 1274 833 1346 Fauni,
861 1274 908 1332 avi
935 1273 1074 1334 Lauiniae
1100 1277 1226 1348 paterni,
1256 1278 1306 1349 qui
1334 1282 1400 1351 post

220 1366 342 1421 mortem
370 1376 425 1435 pro
455 1359 509 1419 deo
539 1355 657 1418 latidico
690 1356 851 1433 colebatur,
885 1364 1036 1419 vetuerant
1064 1376 1128 1419 eam
1156 1359 1261 1420 Latino
1290 1361 1399 1420 homini

220 1447 341 1517 nubere;
368 1450 486 1505 externo
508 1444 570 1517 regi
595 1443 798 1503 reservandam
819 1461 890 1503 esse.
933 1445 1049 1503 Interea
1069 1446 1196 1519 Aeneas,
1226 1462 1290 1505 cum
1313 1448 1399 1505 certis

219 1533 306 1608 signis
328 1536 479 1606 cognosset
499 1530 609 1589 venisse
630 1546 661 1589 sc
682 1546 730 1602 ec,
760 1546 816 1604 quo
843 1531 962 1589 deorum
987 1531 1066 1589 iussu
1092 1532 1273 1604 intendisset,
1304 1538 1399 1593 castra

218 1617 282 1677 fieri
303 1617 342 1676 ad
363 1616 575 1676 similitudinem
596 1614 675 1673 urbis
697 1615 789 1688 iubet,
819 1632 904 1690 quam
925 1615 1042 1674 Troiam
1063 1617 1206 1690 appellat3
1234 1623 1297 1674 tum
1318 1619 1398 1691 pacis

220 1720 306 1763 causa
327 1703 438 1777 legatos
459 1702 548 1761 mittit
567 1700 606 1758 ad
626 1699 775 1773 Latinum,
803 1702 851 1775 qui
878 1701 992 1774 placide
1018 1707 1153 1774 acceptos
1174 1702 1257 1761 donis
1282 1704 1399 1762 iustruit

219 1790 389 1861 Aeneaeque
417 1786 506 1846 liliam
533 1801 613 1845 suam
641 1786 671 1845 in
695 1787 908 1845 matrimonium
932 1787 1085 1861 promittit:
1128 1787 1200 1846 Tum
1221 1804 1290 1846 vero
1315 1805 1398 1847 exar-

220 1875 310 1934 descit
338 1875 383 1931 ira
409 1873 498 1931 'lurni
527 1888 561 1930 ac
589 1871 774 1943 Rutulorum3
806 1873 874 1945 ipsi,
908 1873 957 1945 qui
985 1871 1090 1930 Latino
1119 1871 1270 1945 parebant,
1300 1873 1399 1932 Latini

220 1960 327 2031 rustici,
348 1957 456 2017 infelici
470 1974 537 2016 casu
552 1974 571 2016 a
585 1955 717 2016 Troianis
736 1956 845 2030 oileum,
866 1974 948 2016 arma
968 1958 1085 2029 capiunt
1105 1958 1242 2016 adversus
1262 1958 1397 2019 advenas.

221 2048 370 2105 Postremo
399 2047 600 2102 enumerantur
626 2042 727 2115 copiae
749 2043 839 2100 lurni
867 2058 931 2101 cum
958 2042 1016 2101 suis
1045 2042 1172 2101 ducibus.
1215 2042 1280 2101 Lib.
1303 2043 1397 2103 vlit:
1464 2065 1465 2084 ¹

220 2132 368 2190 Nocturuo
389 2130 451 2187 viso
473 2128 597 2187 monitus
610 2127 724 2185 Aeneas
747 2144 831 2201 opem
848 2128 922 2201 petit
936 2127 973 2187 ab
989 2127 1134 2201 Euandro,
1157 2128 1206 2202 qni
1220 2144 1256 2187 er
1269 2129 1396 2188 Arcaffla

221 2234 283 2275 cum
306 2231 391 2274 manu
405 2214 550 2273 Arcadum
569 2213 703 2272 advectus
725 2229 760 2273 eo
782 2216 855 2287 loco,
879 2230 935 2287 quo
956 2217 1058 2286 postea
1078 2213 1171 2271 Roma
1193 2212 1255 2287 fuit,
1275 2230 1396 2287 parvum

221 2318 340 2377 regnum
362 2300 537 2360 condiderat.
575 2298 673 2359 Facile
687 2300 831 2371 promittit
845 2298 988 2358 Euander.
1022 2297 1140 2357 Interim
1153 2299 1248 2358 Venus
1262 2300 1399 2384 impqtrat
1464 2353 1465 2356 ,

221 2388 401 2460 aVulcano,
429 2390 462 2445 ut
483 2385 598 2445 Aeneae
625 2384 654 2441 in
683 2389 793 2443 tautum
821 2384 927 2443 bellum
956 2384 1033 2442 eunti
1061 2400 1143 2442 arma
1170 2382 1272 2454 lacum
1301 2385 1333 2442 in
1354 2386 1398 2445 his

220 2474 349 2549 inprimis
377 2470 431 2531 init
455 2466 649 2531 memorabilis
676 2470 798 2545 clipeus,
830 2471 860 2530 in
888 2487 944 2544 quo
970 2468 1112 2530 maximae
1138 2487 1185 2528 rcs
1212 2470 1397 2546 aRomanis,

220 2561 284 2633 ipso
304 2559 434 2632 inprimis
455 2558 598 2630 Augusto,
625 2560 724 2629 gestas
749 2557 824 2615 mira
846 2562 910 2615 arte
931 2571 1083 2631 expressae
1109 2560 1200 2614 erant.
1242 2555 1397 2616 Lib.1X.:

221 2645 296 2702 Dum
318 2643 400 2702 abest
413 2643 533 2713 Aeneas,
556 2641 667 2699 'liumus
687 2641 799 2698 accedit
811 2657 876 2699 cum
889 2641 1016 2700 exercitu
1030 2641 1068 2700 ad
1082 2647 1177 2699 castra
1191 2640 1398 2712 Troianorum

220 2731 268 2803 qui
295 2745 359 2787 cum
386 2744 444 2787 nou
469 2725 627 2800 procedant
654 2723 690 2782 ad
712 2742 850 2798 pugnam,
879 2727 999 2787 classem
1025 2731 1146 2785 conatur
1171 2726 1338 2797 incendam
1367 2734 1399 2786 at

220 2815 349 2888 singulae
369 2828 455 2872 naves
477 2809 670 2870 intercedente
685 2808 791 2882 Cybele
812 2815 958 2870 mutantur
978 2812 1008 2868 iu
1029 2812 1156 2886 singulas
1175 2811 1245 2870 deas
1260 2814 1397 2872 marinas.

219 2901 312 2959 Nocte
333 2899 483 2957 subsecuta
503 2895 569 2954 dum
591 2895 754 2956 consultant
778 2896 864 2955 duces
890 2898 921 2954 in
947 2897 1048 2956 castris
1077 2896 1183 2969 relicti,
1213 2897 1282 2971 quid
1310 2904 1399 2972 agant

220 2989 270 3043 aut
296 2982 438 3057 quomodo
465 2983 593 3041 Aeneam
623 2981 658 3040 de
685 2985 766 3040 tanto
795 2981 957 3041 discrimine
983 2983 1134 3042 certiorem
1164 2980 1288 3056 faciant,
1319 2985 1397 3043 ultro

220 3069 305 3129 offert
331 3085 449 3144 operam
476 3083 556 3126 suam
581 3067 688 3125 iuvenis
710 3067 797 3126 Nisus
823 3083 887 3126 cum
914 3068 1006 3126 amico
1028 3066 1157 3140 Euryalo
1178 3084 1271 3141 paene
1292 3086 1396 3142 puero;

219 3157 390 3228 promittunt
417 3169 447 3213 se
474 3151 612 3212 beneficio
639 3152 730 3212 noetis
757 3168 811 3227 per
835 3153 931 3212 media
951 3152 1122 3211 Rutulorum
1143 3158 1239 3212 eastra
1260 3169 1398 3217 evasuros

220 3240 258 3300 ad
280 3238 478 3300 arcessendum
496 3239 633 3298 Aeneam.
678 3236 841 3296 Collaudati
861 3255 881 3297 a
901 3236 1021 3296 ducibus
1042 3237 1226 3312 egrediuntur
1246 3243 1335 3312 atque
1355 3241 1397 3298 in-

219 3327 327 3385 vitante
348 3327 412 3400 ipsa
432 3324 646 3398 opportunitate
668 3339 753 3396 quam
774 3324 913 3397 plurimos
927 3329 1047 3398 possunt
1060 3323 1157 3382 hostes
1172 3339 1271 3382 somno
1286 3326 1398 3399 sopitos

218 3411 400 3471 interficiunt.
435 3408 517 3483 Quod
539 3425 602 3467 cum
622 3407 695 3468 bene
709 3409 905 3482 successisset,
926 3407 1056 3467 incidunt
1075 3409 1106 3466 in
1126 3413 1250 3466 turmam
1271 3411 1399 3482 equitum

220 3497 388 3556 Latinorum
409 3500 548 3555 uoctmuo
569 3495 671 3553 itinere
694 3493 732 3552 ad
751 3494 877 3552 Turnum
899 3493 1083 3566 madentium,
1105 3511 1124 3552 a
1145 3493 1254 3567 quibus,
1277 3499 1308 3552 et
1330 3494 1399 3569 luga

220 3588 249 3640 et
276 3599 371 3658 pugna
400 3579 508 3641 fnustra
535 3584 659 3653 tentata,
688 3579 897 3638 interimuntur.
946 3578 1017 3638 Orto
1046 3579 1178 3652 proximo
1207 3579 1254 3638 die
1283 3579 1398 3638 Turnus

220 3670 379 3727 summani
401 3667 531 3726 adoritm
557 3669 661 3724 castra.
703 3664 770 3723 Lib.
793 3665 845 3724 rt:
874 3665 985 3724 Vocato
1014 3664 1133 3723 deorum
1159 3665 1282 3723 concilio
1308 3666 1398 3725 alter-

219 3753 297 3813 catio
318 3754 439 3813 Vcneris
461 3757 490 3812 et
511 3751 627 3810 Iunonis
649 3750 827 3823 praecidimur
847 3749 885 3809 ab
909 3752 978 3810 Iove
998 3750 1049 3822 ita,
1075 3755 1108 3809 ut
1127 3755 1205 3808 vetet
1226 3765 1398 3825 quemquam
1462 3804 1463 3811 ,

219 3838 340 3898 deorum
367 3838 498 3897 alterutri
525 3835 603 3910 parti
631 3836 661 3893 in
690 3853 786 3910 pugna
813 3836 923 3895 edesse.
977 3835 1076 3892 Rutuli
1104 3840 1228 3909 pergunt
1256 3839 1399 3896 acerrime

220 3939 386 3999 oppugnare
415 3929 519 3982 casua
563 3921 683 3980 Interim
703 3920 818 3980 Aeneas
845 3920 882 3981 ab
910 3920 1047 3979 Euandro
1074 3919 1236 3979 admonitus
1263 3920 1302 3978 ad
1324 3921 1399 3979 Tar-

219 4011 340 4069 chonem
354 4025 451 4082 regem
466 4008 619 4067 Etruscum
633 4022 664 4066 se
679 4007 840 4065 contulerat
854 4004 987 4079 factoque
1006 4021 1071 4064 cnm
1091 4021 1125 4065 eo
1144 4003 1261 4064 loedere
1282 4003 1399 4066 firmum

221 4096 407 4154 Etruscorum
421 4093 575 4154 exercitum
589 4093 663 4151 mari
674 4091 823 4164 Tyrrheno
837 4090 1024 4160 subvehebat3
1039 4090 1121 4148 huius
1137 4107 1249 4164 quoque
1261 4106 1398 4152 recensus

222 4181 316 4254 agitur
330 4196 348 4238 a
363 4184 458 4254 poeta.
496 4177 624 4236 Mendes
647 4177 756 4251 equites
778 4177 850 4235 duce
864 4177 1002 4248 Ballame
1023 4174 1153 4234 Euandri
1174 4174 1243 4248 lilio,
1264 4181 1400 4236 terream

220 4267 323 4326 itinere
345 4266 508 4324 adventant.
545 4263 607 4321 lam
627 4263 740 4321 venitur
761 4261 800 4320 ad
821 4279 929 4320 manus.
962 4260 1051 4319 Varia
1073 4260 1167 4320 editur
1187 4277 1292 4334 pugna.
1328 4262 1400 4322 Pal-

220 4352 326 4411 lantcm
348 4368 408 4411 rem
431 4355 544 4410 strenue
566 4352 712 4423 gerentem
740 4345 874 4406 interficit
895 4347 1019 4416 Turnum
1046 4361 1171 4419 pugnam
1190 4363 1227 4405 ea
1247 4362 1281 4404 re
1302 4364 1400 4423 prope
1462 4382 1463 4385 =
