2942 4975
483 352 698 463 autumes
723 357 805 420 ΜΒ.
827 361 899 427 XII.

186 541 293 624 Supra
314 541 472 619 homines,
493 559 592 622 supra
610 543 659 607 ire
681 545 760 610 deos
782 547 904 628 pietate
925 547 1056 625 ridebis

94 627 164 691 840
185 628 255 692 Nec
279 645 358 708 gens
380 627 448 691 ulla
470 631 544 692 tuos
565 646 667 708 aeque
690 630 866 698 celebrabit
889 633 1033 698 honores

185 712 310 776 Adnuit
330 712 381 776 his
402 713 482 777 Iuno
506 716 539 776 et
561 718 703 777 mentem
724 716 847 781 laetata
868 719 1007 783 retorsit

184 797 319 861 Interea
340 797 466 862 excedit
489 798 579 862 caelo
600 798 782 880 nubemque
804 802 965 884 relinquit.

270 881 329 946 His
353 882 433 946 actis
455 882 543 946 aliud
565 881 701 949 Genitor
723 904 830 952 secum
853 887 922 969 ipse
943 888 1077 966 volutat,

184 967 418 1048 Iuturnamque
440 973 534 1048 parat
555 966 665 1032 fratris
688 969 851 1036 dimittere
875 973 920 1038 ab
938 973 1041 1036 armis.

94 1051 164 1116 845
185 1051 348 1116 Dicuntur
369 1053 516 1132 geminae
538 1058 647 1133 pestes
670 1057 858 1134 cognomine
881 1058 987 1135 Dirae,

187 1134 274 1212 Quas
297 1141 331 1200 et
354 1137 540 1202 Tartaream
563 1138 634 1202 Nox
654 1139 850 1221 intempesta
873 1143 1056 1223 Megaeram

186 1221 261 1286 Uno
285 1221 462 1302 eodemque
485 1222 561 1286 tulit
582 1228 690 1303 partu,
712 1227 907 1308 paribusque
929 1227 1067 1291 revinxit

186 1305 379 1387 Serpentum
402 1307 511 1389 spiris,
534 1313 747 1390 ventosasque
770 1311 895 1408 adbdit
916 1312 992 1376 alas

184 1391 257 1454 Hae
279 1391 364 1455 Iovis
387 1392 428 1455 ad
449 1393 565 1456 solium
587 1394 738 1474 saemque
760 1396 792 1458 in
816 1395 923 1461 lrrnine
946 1396 1031 1476 regis

94 1476 164 1539 850
185 1475 369 1556 Adparent,
391 1483 576 1558 acuuntque
598 1482 719 1542 metum
742 1482 930 1545 mortalibus
953 1481 1066 1562 aegris

187 1560 222 1624 Si
244 1561 371 1642 qnando
393 1563 494 1626 letum
517 1561 700 1627 horrificum
723 1566 913 1646 morbosque
937 1566 1031 1629 deum
1054 1584 1111 1630 rer
1146 1597 1148 1602 ·

186 1645 335 1724 Molitur‚
357 1647 489 1712 meritas
510 1653 568 1712 aut
589 1647 674 1712 bello
698 1650 827 1714 territat
849 1651 953 1716 urbes.

186 1731 309 1795 Harum
333 1750 428 1796 unam
451 1733 590 1797 celerem
614 1734 742 1798 demisit
764 1735 803 1800 ab
826 1736 958 1800 aethere
980 1753 1104 1800 summo

185 1815 346 1897 Iuppiter,
370 1817 468 1898 inque
490 1835 585 1882 omen
607 1819 762 1884 Iuturnae
785 1837 953 1885 occurrere
975 1821 1076 1884 iussit.

95 1901 164 1965 855
186 1900 248 1965 Illa
269 1901 370 1979 volat,
393 1902 555 1982 celerique
576 1903 617 1967 ad
639 1909 759 1968 terram
782 1906 910 1970 turbine
933 1904 1045 1971 fertur.

184 1985 260 2064 Non
282 2004 388 2064 secus,
411 2006 448 2052 ac
469 2005 569 2052 nervo
591 2007 651 2068 per
671 1989 789 2053 nubem
811 1991 938 2072 inpulso
960 1991 1087 2072 sagitta,

185 2072 351 2135 Armatam
372 2072 460 2138 saevi
482 2073 621 2137 Parthus
644 2093 740 2153 quam
762 2074 838 2140 felle
860 2076 985 2152 veneni,

184 2156 339 2234 Parthus,
360 2157 427 2221 sive
450 2157 573 2238 Cydon,
595 2159 697 2222 telum
718 2159 955 2236 inmedicabile,
979 2160 1081 2237 torsit,

185 2239 333 2306 Stridens
356 2246 391 2306 et
412 2242 525 2307 celeris
546 2243 712 2323 incognita
734 2245 874 2309 transilit
895 2243 1037 2309 umbras:

93 2326 162 2390 860
185 2325 273 2390 Talis
295 2343 331 2390 se
351 2331 423 2392 sata
443 2327 548 2392 Nocte
570 2329 659 2406 tulit,
682 2334 850 2411 terrasque
872 2329 994 2411 petivit.

184 2411 359 2493 Postquam
381 2412 467 2476 acies
488 2413 577 2478 videt
597 2414 713 2478 iliacas
736 2419 833 2497 atque
856 2415 983 2497 agalma
1004 2413 1112 2493 Turni,

185 2498 280 2562 Alitis
301 2498 335 2561 in
357 2516 476 2580 parvae
498 2500 637 2565 subitam
660 2500 796 2565 collecta
818 2500 959 2583 figuram,

95 2676 228 2725 veteribus
240 2675 386 2727 Latinorum
398 2678 486 2738 aarrla
505 2692 601 2743 unaque
613 2680 663 2728 erit
673 2680 752 2730 latim
764 2696 795 2745 po
813 2680 847 2729 uli
861 2675 959 2743 lactea!
988 2676 1046 2731 839.
1064 2694 1146 2745 arcpra
1157 2680 1286 2741 terranea,

94 2758 181 2809 snpra
198 2743 266 2804 deoc,
286 2746 301 2794 i.
320 2762 342 2795 e.
361 2760 437 2812 supro
454 2761 553 2811 omnes3
571 2746 602 2796 el.
621 2745 662 2807 11,
680 2743 731 2797 509
750 2696 817 2868 sq(
837 2746 895 2799 842.
915 2748 1033 2811 Interea,
1052 2749 1110 2798 dum
1128 2747 1162 2797 ita
1181 2746 1286 2812 placata

96 2809 172 2880 estu
207 2810 738 2881 843—88b1appaer,praelatarum
756 2833 773 2865 α
815 2833 882 2867 orno
906 2820 1021 2882 separet,
1043 2818 1125 2867 mittit
1148 2818 1229 2866 auara
1247 2830 1281 2865 erc

97 2882 187 2943 Diria,
215 2896 283 2946 quae
308 2886 398 2932 aurata
424 2886 534 2932 noctuae
557 2886 642 2949 specie
664 2883 755 2933 volitat
778 2889 840 2934 ante
863 2884 949 2935 ocolus
976 2882 1064 2935 Turni.
1106 2884 1143 2935 Eo
1166 2888 1282 2933 monstro

96 2952 197 2999 territa
214 2949 325 3000 Iuturna
345 2966 406 3000 cum
423 2950 495 3000 lueto
511 2955 668 3016 gernituque
685 2953 798 3003 discedit
809 2969 826 3002 a
839 2953 953 3021 frutra!
986 2949 1045 3004 844.
1058 2952 1102 3017 fr.
1122 2952 1183 3003 dim.
1200 2954 1232 3001 ab
1245 2968 1281 3015 aa,

96 3017 192 3081 iacere,
208 3024 238 3067 ut
255 3019 352 3068 desinat
369 3018 459 3067 adesse
476 3020 612 3069 decertanti
630 3015 727 3085 tratri}
761 3018 820 3071 845.
837 3024 973 3085 geminae,
992 3022 1088 3071 Allecto
1107 3029 1131 3072 et
1150 3020 1202 3071 'flat
1222 3021 1286 3070 bone

95 3085 190 3136 Furiae
211 3102 268 3136 rum
291 3093 413 3152 apparent
429 3086 496 3149 lovi,
520 3088 594 3139 Diras
617 3090 804 3151 eognoarinatus
827 3104 881 3139 esse
905 3090 983 3141 relert
1007 3089 1110 3140 Servius
1127 3085 1153 3151 4,
1171 3036 1230 3137 608.
1249 3116 1283 3125 -—

96 3169 188 3219 cogn„
213 3154 308 3204 nomine
329 3170 360 3204 ea
384 3171 413 3205 re
435 3160 494 3205 nato
511 3156 621 3220 ipaiaque
643 3157 814 3218 conveniente3
838 3158 902 3222 apud
928 3159 1048 3223 probatos
1066 3159 1128 3207 enim
1147 3157 1288 3221 scriptores

95 3237 232 3285 nonomen
250 3238 347 3289 aearper
358 3223 481 3287 signifieat
492 3238 577 3273 nomen
590 3225 673 3289 aliquo
684 3226 756 3275 modo
769 3219 913 3289 adscitum!
948 3223 1006 3277 848.
1025 3231 1153 3287 veritusne,
1171 3225 1282 3288 ipsarum

95 3292 261 3341 concitatione
279 3298 378 3343 ventum
395 3288 544 3352 moratae!
577 3288 637 3344 850.
657 3308 819 3359 apparere
836 3295 935 3359 proprio
950 3295 1027 3342 verbo
1040 3293 1156 3343 dicuntur
1168 3294 1288 3355 ministri,

95 3360 162 3409 unde
182 3360 339 3423 apparitores
357 3356 440 3409 riettl
474 3358 534 3411 854.
553 3364 580 3409 in
597 3376 678 3422 omen,
695 3369 724 3412 ut
742 3376 811 3411 omen
829 3363 918 3430 essetl
955 3358 1007 3413 858
1025 3377 1078 3427 sqq,
1098 3361 1203 3411 Videtur
1221 3362 1282 3411 baec

98 3430 256 3492 comparatio
273 3429 305 3477 ad
323 3441 429 3493 pugnarn
447 3428 555 3493 aliquam
571 3428 700 3479 aPartlris
718 3428 809 3479 factem
828 3436 950 3496 spectare,
968 3430 1064 3493 qualern
1083 3429 1177 3493 aliquot
1195 3428 1287 3479 ubbine

97 3496 171 3545 anaia
188 3496 301 3545 Arabum
320 3494 396 3546 luisse
412 3497 552 3547 audivimus
576 3513 620 3562 per
641 3498 801 3547 densissimas
825 3498 928 3548 nebulas
951 3501 1014 3563 (per
1038 3500 1146 3559 ouban,
1170 3498 1284 3547 unrbrae

94 3580 134 3613 vs.
158 3560 223 3626 859)
247 3564 350 3626 glandes
373 3563 515 3614 mortiferas
538 3566 563 3614 in
585 3566 661 3614 aciem
687 3565 899 3627 Fraurogallieom
922 3567 1079 3617 mittentium.
1118 3565 1145 3616 ln
1168 3581 1209 3627 eo,
1234 3581 1287 3629 quo

96 3632 209 3681 Crassus
226 3633 268 3681 ille
286 3633 355 3683 dives
373 3633 469 3693 cecidit,
488 3635 582 3698 proelio
600 3634 714 3683 similiter
725 3634 849 3685 exitiosus
864 3634 911 3685 suit
923 3634 1004 3699 pulvis
1017 3650 1031 3684 a
1044 3634 1144 3685 Parthis
1157 3634 1286 3698 equitibus

95 3701 239 3758 excitatus,
256 3700 287 3749 cl.
306 3700 371 3751 Plut.
391 3701 421 3751 Τ.
440 3701 458 3750 l.
478 3718 500 3765 p.
518 3699 577 3752 558.
596 3702 624 3751 lt
641 3701 670 3751 F.
700 3701 788 3767 ltaque
811 3704 863 3753 lieri
885 3704 959 3752 etiarn
984 3704 1075 3768 potuit,
1100 3710 1128 3753 ut
1145 3700 1233 3753 Partlri
1252 3704 1286 3753 de

93 3769 220 3819 industria
237 3776 388 3832 quaererent
405 3770 536 3820 nebulosos
554 3771 606 3819 dies
624 3770 657 3818 ad
673 3772 847 3821 committenda
864 3772 967 3836 proelia.
982 3798 1014 3807 —--
1033 3770 1084 3820 Cur
1101 3779 1181 3823 tutem
1196 3770 1284 3823 Partbi

94 3844 120 3885 et
138 3836 274 3887 Cretenses
292 3837 331 3887 bic
349 3836 538 3907 nominanturll
571 3836 630 3888 858.
648 3839 769 3888 Partitur
840 3839 959 3889 Partitur
975 3856 995 3888 a.
1016 3839 1056 3903 0.,
1081 3839 1112 3889 cf.
1131 3837 1156 3903 6,
1173 3836 1226 3890 495
1244 3856 1284 3905 sq.

94 3904 126 3954 G.
139 3905 166 3968 1,
179 3903 213 3955 10
226 3918 263 3970 aq.
275 3930 309 3941 -·
320 3905 413 3971 Cydon,
431 3905 552 3972 Cydonia,
570 3907 658 3971 oppido
677 3906 776 3970 Cretae,
796 3906 934 3963 oriundusl
970 3904 1028 3959 850.
1048 3908 1149 3969 celeres,
1168 3910 1288 3959 celeriter

93 3974 173 4023 telum
185 3974 396 4035 transmittentem
414 3981 439 4023 et
451 3974 523 4025 brevi
534 3975 667 4024 intervallo
682 3981 722 4024 ter
733 3978 833 4041 ponitur
844 3977 907 4026 idem
919 3974 1085 4040 Adiectivum,
1097 3992 1147 4042 que
1159 3985 1287 4043 urgeatur

93 4042 131 4091 rei
148 4040 274 4091 celeriter.
292 4069 327 4079 —
344 4045 459 4107 breogn,
481 4059 528 4092 non
547 4049 605 4094 ante
622 4044 690 4104 visa,
712 4058 785 4107 quern
804 4042 902 4099 feriatl
937 4040 996 4094 860.
1019 4043 1103 4108 Talia,
1122 4062 1145 4095 v.
1164 4042 1189 4107 3,
1207 4041 1280 4110 3101

92 4107 152 4161 862.
174 4124 288 4176 parva.
311 4110 416 4161 Servius
439 4118 573 4174 „noctuam
597 4112 670 4171 dicit,
693 4128 740 4161 aon
765 4112 896 4175 bubonem,
919 4113 961 4177 qui
984 4114 1065 4163 maior
1086 4115 1151 4163 eat.“
1173 4112 1279 4163 collecta

92 4184 179 4229 antem
198 4178 226 4238 (i.
244 4193 266 4226 e.
284 4182 423 4239 eontracta)
441 4194 495 4229 rum
513 4181 592 4244 ipsum
616 4179 810 4244 parvitatem
834 4180 956 4244 quendam
979 4182 1082 4242 indicet,
1105 4182 1167 4231 satis
1193 4178 1285 4230 inerrat,

92 4246 207 4297 seribere
224 4260 361 4303 renuerem
386 4248 429 4297 sed
453 4248 533 4297 solent
555 4254 656 4299 veteres
680 4248 729 4297 aeri
748 4254 817 4299 tores
835 4249 957 4298 vocabula
976 4264 1030 4299 curn
1049 4248 1139 4299 Verbis
1158 4254 1279 4310 cognatae

92 4315 283 4379 agamennona
300 4316 456 4379 coniungere,
473 4322 502 4365 ut
514 4315 565 4365 Cic.
576 4315 714 4365 Partitur.
727 4264 762 4365 32
780 4317 1007 4381 „partitionem
1026 4314 1240 4393 dis'tribuqrff
1253 4323 1281 4365 et

91 4398 146 4450 rap.
159 4380 197 4435 40
213 4383 385 4446 „dividere
403 4384 626 4449 partitioaea,“
644 4385 660 4433 i.
673 4383 799 4434 educere.
817 4385 892 4449 Sopb.
904 4385 943 4436 El.
955 4382 1003 4435 741
1022 4398 1149 4445 „aramue
1167 4396 1282 4451 ασφα-
