2942 4975
82 584 85 596 .
178 545 189 592 ι

230 258 294 326 aso
494 337 500 348 .
600 258 634 322 r.
656 255 820 363 vmamr
841 255 1030 322 macoma
1087 356 1095 373 ι

315 444 455 527 Adiungi
478 458 631 527 generum
651 442 732 508 miro
754 443 947 526 properabat
969 461 1089 522 amore3

313 530 380 597 ‘Sed
401 529 497 596 variis
519 531 670 612 portenta
691 529 788 593 deum
810 528 986 593 terroribus
1009 529 1146 595 obstant.

315 616 440 682 Laurus
463 619 533 680 erat
555 613 634 680 tecti
656 613 762 678 medio
784 613 817 677 in
839 613 1058 695 penetralibus
1081 615 1164 695 altis,

251 700 294 767 60
314 701 414 767 Sacra
435 718 570 779 comam,
592 699 773 781 multosque
795 703 885 764 metu
905 703 1033 765 servata
1054 718 1113 783 per
1135 719 1244 781 anuos,

315 787 417 865 Quam
439 789 532 868 pater
553 786 728 864 inventam,
751 784 869 867 primas
892 803 963 850 cum
986 786 1140 851 conderet
1161 802 1261 868 arcae,

314 873 388 954 Ipse
410 870 575 948 ferebatur
596 870 726 935 Phoebo
749 887 893 935 sacrasse
915 869 1057 950 Latinus,
1130 871 1137 881 '

314 956 550 1037 Laurentisque
570 955 611 1021 'ab
635 974 674 1020 ea
694 973 812 1019 nomen
833 955 977 1037 posuisse
1001 956 1129 1021 colonis.

314 1042 417 1107 Huius
439 1060 516 1124 apes
537 1059 694 1106 summum
715 1041 834 1106 densae
856 1077 898 1086 -
914 1040 1065 1106 mirabile
1087 1042 1176 1117 dictu
1197 1077 1240 1090 -—

250 1126 295 1206 tib
314 1126 460 1193 Stridore
481 1126 605 1208 ingenti
625 1125 782 1208 liquidum
803 1129 893 1191 trans
915 1126 1048 1192 aethera
1069 1120 1189 1207 v'ectae,

274 1212 481 1303 '‘Obsedere
503 1212 641 1295 apicem,
664 1216 697 1276 et
718 1211 854 1293 pedibus
875 1230 934 1294 per
955 1217 1068 1277 mutua
1088 1212 1177 1278 nexis

312 1299 457 1363 Examen
480 1298 619 1363 subitum
640 1315 729 1362 ramo
752 1295 923 1362 frondente
945 1298 1107 1379 pependit

314 1382 473 1449 Continuo
495 1386 598 1461 vates,
619 1383 798 1447 Externum
821 1383 992 1461 cernimus,
1013 1382 1126 1468 iuquit,

311 1469 496 1534 Adventare
517 1468 634 1547 virtum,
658 1472 692 1533 et
712 1467 814 1550 partis
836 1472 947 1550 petere
969 1487 1084 1550 agmen
1107 1468 1235 1534 easdem

63 1555 69 1573 ’
133 1534 168 1634 ,’
250 1550 293 1616 70
312 1554 461 1619 Partibus
485 1572 524 1619 ex
544 1553 658 1633 isdem,
682 1557 716 1618 et
738 1570 862 1618 summa
884 1552 1079 1619 dominarier
1098 1572 1181 1620 aree

192 1686 200 1703 .
261 1651 262 1654 ’
312 1639 501 1717 Praeterea,
524 1638 620 1704 castis
642 1638 753 1703 adolet
775 1639 851 1704 dum
872 1639 987 1703 altaria
1008 1639 1112 1704 taedis

31 1735 34 1738 ’
75 1769 95 1821 j
173 1763 226 1824 ²¹,
312 1724 357 1789 Et
377 1724 469 1788 iuxta
489 1724 668 1805 genitorem
690 1724 799 1788 adstat
819 1724 952 1789 Lavinia
973 1724 1072 1806 virgo,

313 1809 403 1887 Visa,
424 1807 527 1887 nefas,
549 1808 654 1890 longis
677 1809 896 1890 conprendere
918 1809 1057 1875 crinibus
1078 1810 1195 1892 ignem,

313 1894 420 1975 Atque
442 1913 570 1959 omnem
592 1898 741 1959 orbatum
763 1892 889 1959 flamma
911 1895 1089 1977 crepitante
1113 1896 1255 1976 cremari,

132 1960 139 1972 ’
221 1975 292 2081 ‘ta
313 1978 505 2061 Regalisque
527 1973 662 2045 a‘ccensa
685 1996 804 2058 comas,
828 1998 962 2045 accensa
984 1999 1142 2061 coronam,

313 2063 474 2146 Insignem
497 2066 642 2147 gemmis3
666 2071 734 2129 tum
756 2063 878 2131 fumida
897 2064 1018 2130 lumine
1040 2064 1126 2131 fulvo

30 2158 51 2208 r
131 2203 140 2224 7
250 2167 253 2168 *
313 2149 437 2215 Involvi
459 2169 496 2215 ac
518 2152 596 2216 totis
618 2150 795 2215 Volcanum
819 2169 970 2233 spargere
992 2151 1094 2216 tectis.

191 2253 201 2261 ··
312 2235 351 2299 Id
371 2253 448 2300 vero
471 2235 665 2301 horrendum
688 2254 725 2301 ac
747 2235 819 2300 visu
840 2236 985 2301 mirabile
1007 2234 1098 2301 ferri:

311 2321 458 2402 Namque
479 2319 549 2388 iore
569 2320 739 2386 inlustrem
762 2319 847 2387 fama
867 2320 1006 2403 fatisque
1029 2322 1186 2387 canebant

97 2382 100 2395 ’
162 2411 164 2413 ’
250 2402 293 2469 80
312 2406 432 2490 Ipsam,
455 2406 513 2471 sed
534 2407 652 2491 populo
676 2425 827 2488 magnum
849 2407 1043 2489 portendere
1063 2407 1192 2472 bellum.

34 2927 114 3009 -t

92 3150 94 3152 ,
127 3110 145 3146 a

312 2493 357 2557 At
375 2511 435 2558 rex
456 2492 613 2558 solhcitus
634 2493 787 2558 monstris
809 2493 939 2558 oracula
960 2492 1069 2572 Fauni,

278 2578 281 2582 ’
311 2577 448 2642 Fatidici
470 2578 637 2659 genitoris
660 2578 742 2657 adit,
764 2578 916 2660 lucosque
939 2578 996 2643 sub
1019 2579 1085 2643 alta

313 2661 461 2727 consulit
480 2662 642 2742 Albunea,
663 2680 831 2728 nemorum
853 2681 935 2745 quae
957 2683 1105 2729 maxuma
1126 2681 1217 2728 sacro

313 2747 419 2813 Fonte
441 2752 547 2827 sonat,
570 2766 762 2830 saevamque
785 2748 913 2814 exhalat
934 2768 1034 2830 opaca
1056 2748 1231 2831 mephitim.

251 2830 294 2896 85
314 2832 397 2896 Hinc
419 2831 521 2899 Italae
544 2837 657 2915 gentes
679 2833 845 2915 omnisque
868 2833 1023 2901 Oenotria
1044 2835 1142 2899 tellus

313 2917 352 2981 In
374 2917 478 2982 dubiis
500 2937 654 3001 responsa
674 2923 804 3001 petunt3
827 2919 889 2984 hue
910 2919 996 2985 dona
1017 2920 1166 2985 sacerdos

314 3001 393 3068 Cum
416 3003 492 3068 tulit
514 3009 548 3068 et
569 3021 734 3069 caesarum
757 3004 862 3069 ovium
884 3005 943 3070 sub
966 3009 1061 3070 nocte
1083 3003 1190 3071 silenti

76 3234 79 3247 .
149 3182 162 3207 ·”
226 3189 354 3254 Oceanus,
375 3198 401 3241 et
422 3205 446 3241 v.
471 3187 622 3254 (1841-
642 3207 699 3258 rag.
718 3208 754 3256 a,
776 3192 867 3243 Amata
889 3151 979 3243 coniux
1002 3187 1107 3254 Latini!
1141 3188 1183 3241 57.
1199 3205 1314 3258 proper„
1331 3189 1395 3240 valde

67 3257 114 3290 Ψ
224 3260 357 3322 studebat,
380 3265 409 3309 nt
430 3274 469 3309 vs.
494 3256 570 3324 2644
604 3257 646 3311 59.
671 3264 734 3311 tecti
754 3261 834 3324 med,
857 3277 882 3310 v.
900 3257 926 3324 4,
948 3258 999 3312 494
1022 3269 1048 3312 et
1065 3259 1096 3310 el.
1117 3259 1210 3311 Tibull.
1226 3256 1253 3323 3,
1269 3256 1295 3322 3,
1313 3257 1349 3310 lb.
1368 3283 1393 3293 -

225 3332 324 3396 penetr.
337 3328 408 3392 alhk,
426 3343 490 3393 quae
503 3328 909 3402 alQparietlbusinclusasnntq
944 3327 985 3380 60.
1003 3330 1131 3391 Sacrae,
1149 3343 1210 3392 ergo
1222 3327 1318 3378 intacds
1335 3325 1394 3376 fron·

124 3427 126 3437 ,
213 3395 322 3458 ,dibual
356 3391 399 3446 61.
415 3411 456 3463 pr.
470 3413 490 3446 a
504 3413 524 3446 e.
538 3413 571 3458 o,
591 3400 762 3464 cumprimum
775 3412 855 3448 arcam
874 3396 1054 3464 (Laurentum)
1072 3397 1196 3460 conderet,
1214 3411 1239 3445 v.
1252 3393 1282 3446 G.
1294 3393 1318 3457 3,
1331 3391 1375 3444 130

126 3500 130 3506 »
226 3462 431 3523 θδψυνσηίίε
448 3464 565 3515 Accusat.
582 3464 662 3529 Plan,
679 3481 704 3516 v.
722 3464 753 3516 G.
773 3466 797 3529 1,
815 3462 874 3516 137.
886 3471 957 3515 -et
974 3468 1006 3516 ot
1023 3481 1063 3529 aa,
1081 3473 1107 3517 el
1124 3480 1140 3515 a
1156 3479 1218 3530 quaq
1238 3463 1287 3514 Cia
1302 3387 1394 3513 Orat3

289 3534 339 3584 cies
356 3533 546 3599 pulchritudiuis
564 3536 656 3585 eximis
673 3536 804 3600 quaedam,
822 3549 914 3600 quam
932 3535 1029 3585 intuens
1046 3537 1078 3585 in
1095 3549 1197 3598 eaque
1212 3531 1322 3583 dednus“
1338 3525 1393 3597 cet!

262 3603 417 3662 ‚raditum
438 3603 464 3652 id
488 3602 567 3666 quod,
590 3604 697 3669 monime
718 3605 743 3653 in
766 3616 794 3652 re
817 3604 894 3665 mira,
916 3610 1017 3668 repente
1034 3617 1064 3651 ae
1080 3607 1182 3667 praeter
1197 3601 1391 3667 exspectationem

110 3693 117 3737 j
227 3668 324 3718 accidit
340 3696 375 3706 -
391 3669 460 3721 Uva
483 3671 515 3720 ab
538 3672 626 3737 apibus
649 3669 717 3721 lacta
739 3672 819 3722 dirum
842 3677 965 3721 ostemum
990 3671 1164 3733 existimatur,
1187 3668 1249 3719 Plin.
1265 3669 1294 3721 N.
1311 3668 1338 3728 ll.
1355 3665 1389 3728 ll,

107 3745 111 3757 ·
227 3733 270 3799 18,
283 3732 326 3799 ab,
342 3738 504 3804 similiterque
521 3754 626 3790 examen
644 3754 717 3806 apum
735 3741 760 3790 in
779 3738 833 3789 loro
850 3741 931 3790 visum
949 3740 1055 3791 hostium
1073 3739 1207 3788 adventum
1223 3733 1341 3803 portendit
1356 3749 1388 3801 ap.

225 3801 343 3867 Liv.»24,
360 3803 417 3868 laq
453 3803 494 3858 69.
509 3812 580 3874 part
597 3809 715 3871 eosdm,
740 3809 828 3859 urbem
845 3823 874 3857 ae
891 3809 986 3872 regim
1003 3807 1093 3858 Latini.
1144 3803 1184 3857 70.
1202 3805 1275 3856 Part.
1292 3820 1324 3854 eo·
1339 3804 1388 3866 s'sd,

90 3876 111 3972 ξ’
227 3873 375 3938 apartibus
393 3875 469 3924 maris
487 3873 579 3944 infert!
614 3875 655 3928 71.
673 3881 739 3928 cast.
759 3877 826 3927 wad.
839 3872 907 3926 'Plim
925 3875 957 3927 N.
976 3877 1005 3927 H.
1024 3872 1092 3939 16,1
1113 3870 1167 3939 ,44
1184 3875 1283 3937 „taeda
1297 3872 1387 3923 dennis

228 3955 259 3992 ac
275 3941 361 3993 lumini
378 3956 505 3993 sacrorum
523 3946 624 4007 grata.“
642 3973 675 3982 -
692 3945 779 3996 adolet
802 3946 909 4008 genitor,
931 3942 1061 4008 Latinus!
1098 3939 1139 3996 74.
1162 3947 1283 3994 meum
1298 3942 1385 4006 capitia

207 4015 254 4059 a
273 4024 300 4059 v.
319 4008 349 4074 1,
367 4006 438 4079 usq
473 4007 515 4061 rs.
539 4026 565 4062 v.
583 4012 612 4062 u.
629 4009 661 4076 4,
678 4011 717 4080 eq
753 4010 794 4065 ιι.
820 4016 906 4076 acta,
927 4028 953 4063 v.
969 4011 1000 4075 a,
1018 4009 1092 4078 ιιι,
1126 4008 1169 4069 aa.
1193 4027 1217 4061 v.
1236 4008 1265 4060 a.
1281 4007 1307 4072 a,
1322 4005 1386 4076 4qu

227 4074 262 4129 83
274 4092 312 4144 sq.
329 4077 450 4129 Album
468 4079 534 4129 silva
552 4079 686 4132 cantante
699 4095 780 4146 aquae
797 4079 924 4133 sulfureae
942 4082 1014 4131 hodie
1024 4085 1118 4146 Aequa
1130 4076 1292 4144 sulferatad’
1301 4078 1386 4128 Aban·

228 4146 294 4197 dieto
331 4147 388 4198 huie
404 4147 485 4198 silvae
501 4149 526 4198 iu
549 4149 674 4200 montibus
698 4151 762 4200 sitae
797 4149 880 4212 attae,
902 4149 1048 4201 sublucebat
1065 4149 1136 4199 lucus
1153 4147 1201 4197 iste
1217 4145 1296 4198 Fauno
1311 4157 1383 4205 sacen

226 4165 362 4280 6111699.
372 4225 505 4284 dapnes,
523 4231 588 4282 qnae
603 4224 702 4283 opacam,
719 4224 749 4270 ut
760 4185 786 4281 6,
796 4214 849 4270 673
865 4217 944 4280 „lucis
961 4217 1103 4269 lanu-us
1120 4215 1234 4282 opaciss‘*
1251 4221 1383 4280 aeopemtsr

229 4285 349 4337 ratim
364 4285 489 4338 aflectum
510 4299 567 4338 esse
584 4286 630 4337 bec
644 4286 769 4354 epitheton
786 4286 858 4338 docet
868 4285 973 4338 &rmus
990 4284 1201 4353 „nspbids...de
1212 4283 1382 4350 aquisnssdtu
