<?xml version="1.0" encoding="UTF-8"?>
<!DOCTYPE html PUBLIC "-//W3C//DTD XHTML 1.0 Transitional//EN"
    "http://www.w3.org/TR/xhtml1/DTD/xhtml1-transitional.dtd">
<html xmlns="http://www.w3.org/1999/xhtml" xml:lang="en" lang="en">
 <head>
  <title>
</title>
<meta http-equiv="Content-Type" content="text/html;charset=utf-8" />
  <meta name='ocr-system' content='tesseract 3.04.00' />
  <meta name='ocr-capabilities' content='ocr_page ocr_carea ocr_par ocr_line ocrx_word'/>
</head>
<body>
  <div class='ocr_page' id='page_1' title='image "./carminabreviter00virggoog_0450.png"; bbox 0 0 2942 4975; ppageno 0'>
   <div class='ocr_carea' id='block_1_1' title="bbox 493 313 928 394">
    <p class='ocr_par' dir='ltr' id='par_1_1' title="bbox 493 313 928 394">
     <span class='ocr_line' id='line_1_1' title="bbox 493 313 928 394; baseline 0 -2"><span class='ocrx_word' id='word_1_1' title='bbox 493 326 708 392; x_wconf 68' lang='lat' dir='ltr'><strong>AENEIDOS</strong></span> <span class='ocrx_word' id='word_1_2' title='bbox 729 328 809 394; x_wconf 92' lang='lat' dir='ltr'>LIB.</span> <span class='ocrx_word' id='word_1_3' title='bbox 832 329 870 393; x_wconf 89' lang='lat' dir='ltr'><strong>X.</strong></span> <span class='ocrx_word' id='word_1_4' title='bbox 926 313 928 324; x_wconf 52' lang='lat'><strong><em>¹</em></strong></span> 
     </span>
    </p>
   </div>
   <div class='ocr_carea' id='block_1_2' title="bbox 84 509 1242 3753">
    <p class='ocr_par' dir='ltr' id='par_1_2' title="bbox 177 509 1100 851">
     <span class='ocr_line' id='line_1_2' title="bbox 178 509 1100 585; baseline 0.012 -11"><span class='ocrx_word' id='word_1_5' title='bbox 178 509 261 574; x_wconf 91' lang='lat' dir='ltr'><strong>Tum</strong></span> <span class='ocrx_word' id='word_1_6' title='bbox 282 510 344 576; x_wconf 89' lang='lat' dir='ltr'><strong>dea</strong></span> <span class='ocrx_word' id='word_1_7' title='bbox 364 509 450 576; x_wconf 92' lang='lat' dir='ltr'><strong>nube</strong></span> <span class='ocrx_word' id='word_1_8' title='bbox 472 529 551 576; x_wconf 87' lang='lat' dir='ltr'><strong>cava</strong></span> <span class='ocrx_word' id='word_1_9' title='bbox 571 517 701 578; x_wconf 90' lang='lat' dir='ltr'><strong>tenuem</strong></span> <span class='ocrx_word' id='word_1_10' title='bbox 723 514 792 580; x_wconf 89' lang='lat' dir='ltr'><strong>sine</strong></span> <span class='ocrx_word' id='word_1_11' title='bbox 815 515 934 582; x_wconf 77' lang='lat' dir='ltr'><strong>viribus</strong></span> <span class='ocrx_word' id='word_1_12' title='bbox 956 519 1100 585; x_wconf 88' lang='lat' dir='ltr'><strong>umbram</strong></span> 
     </span>
     <span class='ocr_line' id='line_1_3' title="bbox 177 593 1089 669; baseline 0.008 -7"><span class='ocrx_word' id='word_1_13' title='bbox 177 595 216 662; x_wconf 93' lang='lat' dir='ltr'><strong>In</strong></span> <span class='ocrx_word' id='word_1_14' title='bbox 237 593 354 660; x_wconf 84' lang='lat' dir='ltr'><strong>faciem</strong></span> <span class='ocrx_word' id='word_1_15' title='bbox 375 597 505 661; x_wconf 84' lang='lat' dir='ltr'><strong>Aeneae</strong></span> <span class='ocrx_word' id='word_1_16' title='bbox 525 633 569 643; x_wconf 94' lang='lat'>—</span> <span class='ocrx_word' id='word_1_17' title='bbox 589 598 661 664; x_wconf 82' lang='lat' dir='ltr'><strong>visu</strong></span> <span class='ocrx_word' id='word_1_18' title='bbox 682 599 827 666; x_wconf 75' lang='lat' dir='ltr'><strong>mmabile</strong></span> <span class='ocrx_word' id='word_1_19' title='bbox 849 607 1025 669; x_wconf 89' lang='lat' dir='ltr'><strong>monstrum</strong></span> <span class='ocrx_word' id='word_1_20' title='bbox 1048 641 1089 652; x_wconf 91' lang='lat'><em>-</em></span> 
     </span>
     <span class='ocr_line' id='line_1_4' title="bbox 177 680 970 768; baseline 0.011 -24"><span class='ocrx_word' id='word_1_21' title='bbox 177 680 349 746; x_wconf 87' lang='lat' dir='ltr'><strong>Dardaniis</strong></span> <span class='ocrx_word' id='word_1_22' title='bbox 370 686 465 746; x_wconf 90' lang='lat' dir='ltr'><strong>ornat</strong></span> <span class='ocrx_word' id='word_1_23' title='bbox 487 681 573 760; x_wconf 86' lang='lat' dir='ltr'><strong>telis,</strong></span> <span class='ocrx_word' id='word_1_24' title='bbox 595 683 796 766; x_wconf 82' lang='lat' dir='ltr'>clipeumque</span> <span class='ocrx_word' id='word_1_25' title='bbox 817 686 970 768; x_wconf 86' lang='lat' dir='ltr'><strong>iubasque</strong></span> 
     </span>
     <span class='ocr_line' id='line_1_5' title="bbox 177 765 960 851; baseline 0.011 -22"><span class='ocrx_word' id='word_1_26' title='bbox 177 765 286 830; x_wconf 86' lang='lat' dir='ltr'><strong>Divini</strong></span> <span class='ocrx_word' id='word_1_27' title='bbox 307 765 480 832; x_wconf 77' lang='lat' dir='ltr'><strong>adsimulat</strong></span> <span class='ocrx_word' id='word_1_28' title='bbox 500 767 627 848; x_wconf 82' lang='lat' dir='ltr'><strong>capitis,</strong></span> <span class='ocrx_word' id='word_1_29' title='bbox 649 770 706 835; x_wconf 91' lang='lat' dir='ltr'><strong>dat</strong></span> <span class='ocrx_word' id='word_1_30' title='bbox 726 770 834 836; x_wconf 88' lang='lat' dir='ltr'><strong>inania</strong></span> <span class='ocrx_word' id='word_1_31' title='bbox 854 773 960 851; x_wconf 86' lang='lat' dir='ltr'><strong>verba,</strong></span> 
     </span>
    </p>

    <p class='ocr_par' dir='ltr' id='par_1_3' title="bbox 86 850 1242 1272">
     <span class='ocr_line' id='line_1_6' title="bbox 86 850 1117 940; baseline 0.008 -24"><span class='ocrx_word' id='word_1_32' title='bbox 86 851 157 916; x_wconf 91' lang='grc'>640</span> <span class='ocrx_word' id='word_1_33' title='bbox 178 851 244 916; x_wconf 88' lang='lat' dir='ltr'><strong>Dat</strong></span> <span class='ocrx_word' id='word_1_34' title='bbox 265 850 335 915; x_wconf 89' lang='lat' dir='ltr'><strong>sine</strong></span> <span class='ocrx_word' id='word_1_35' title='bbox 356 856 465 916; x_wconf 89' lang='lat' dir='ltr'><strong>mente</strong></span> <span class='ocrx_word' id='word_1_36' title='bbox 487 870 613 932; x_wconf 85' lang='lat' dir='ltr'><strong>sonum,</strong></span> <span class='ocrx_word' id='word_1_37' title='bbox 638 873 830 936; x_wconf 82' lang='lat' dir='ltr'><strong>gressusque</strong></span> <span class='ocrx_word' id='word_1_38' title='bbox 853 856 977 940; x_wconf 86' lang='lat' dir='ltr'><strong>effingit</strong></span> <span class='ocrx_word' id='word_1_39' title='bbox 998 859 1117 926; x_wconf 89' lang='lat' dir='ltr'><strong>euntis:</strong></span> 
     </span>
     <span class='ocr_line' id='line_1_7' title="bbox 177 935 1242 1024; baseline 0.011 -24"><span class='ocrx_word' id='word_1_40' title='bbox 177 935 284 1002; x_wconf 87' lang='lat' dir='ltr'><strong>Morte</strong></span> <span class='ocrx_word' id='word_1_41' title='bbox 306 936 395 1002; x_wconf 88' lang='lat' dir='ltr'><strong>obita</strong></span> <span class='ocrx_word' id='word_1_42' title='bbox 416 937 519 1018; x_wconf 87' lang='lat' dir='ltr'><strong>qualis</strong></span> <span class='ocrx_word' id='word_1_43' title='bbox 540 936 626 1002; x_wconf 88' lang='lat' dir='ltr'><strong>fama</strong></span> <span class='ocrx_word' id='word_1_44' title='bbox 647 945 698 1004; x_wconf 92' lang='lat' dir='ltr'><strong>est</strong></span> <span class='ocrx_word' id='word_1_45' title='bbox 719 941 855 1006; x_wconf 84' lang='lat' dir='ltr'><strong>volitare</strong></span> <span class='ocrx_word' id='word_1_46' title='bbox 878 941 1004 1024; x_wconf 85' lang='lat' dir='ltr'><strong>figuras,</strong></span> <span class='ocrx_word' id='word_1_47' title='bbox 1241 949 1242 954; x_wconf 75' lang='grc'>’</span> 
     </span>
     <span class='ocr_line' id='line_1_8' title="bbox 176 1022 957 1103; baseline 0.008 -17"><span class='ocrx_word' id='word_1_48' title='bbox 176 1022 244 1086; x_wconf 85' lang='lat' dir='ltr'><strong>Aut</strong></span> <span class='ocrx_word' id='word_1_49' title='bbox 265 1040 348 1102; x_wconf 87' lang='lat' dir='ltr'><strong>qnae</strong></span> <span class='ocrx_word' id='word_1_50' title='bbox 369 1023 490 1103; x_wconf 87' lang='lat' dir='ltr'><strong>sopitos</strong></span> <span class='ocrx_word' id='word_1_51' title='bbox 512 1023 669 1088; x_wconf 92' lang='lat' dir='ltr'><strong>deludunt</strong></span> <span class='ocrx_word' id='word_1_52' title='bbox 690 1027 814 1092; x_wconf 87' lang='lat' dir='ltr'><strong>somnia</strong></span> <span class='ocrx_word' id='word_1_53' title='bbox 834 1046 957 1094; x_wconf 85' lang='lat' dir='ltr'><strong>sensus.</strong></span> 
     </span>
     <span class='ocr_line' id='line_1_9' title="bbox 178 1106 1080 1196; baseline 0.012 -26"><span class='ocrx_word' id='word_1_54' title='bbox 178 1107 224 1171; x_wconf 85' lang='lat' dir='ltr'><strong>At</strong></span> <span class='ocrx_word' id='word_1_55' title='bbox 245 1106 365 1188; x_wconf 89' lang='lat' dir='ltr'><strong>primas</strong></span> <span class='ocrx_word' id='word_1_56' title='bbox 387 1107 473 1172; x_wconf 86' lang='lat' dir='ltr'><strong>laeta</strong></span> <span class='ocrx_word' id='word_1_57' title='bbox 494 1112 571 1174; x_wconf 90' lang='lat' dir='ltr'><strong>ante</strong></span> <span class='ocrx_word' id='word_1_58' title='bbox 591 1109 677 1174; x_wconf 90' lang='lat' dir='ltr'><strong>acies</strong></span> <span class='ocrx_word' id='word_1_59' title='bbox 699 1112 839 1177; x_wconf 79' lang='lat' dir='ltr'><strong>exsultat</strong></span> <span class='ocrx_word' id='word_1_60' title='bbox 860 1113 975 1196; x_wconf 84' lang='lat' dir='ltr'><strong>imago,</strong></span> <span class='ocrx_word' id='word_1_61' title='bbox 1052 1186 1055 1194; x_wconf 47' lang='lat'>,</span> <span class='ocrx_word' id='word_1_62' title='bbox 1078 1191 1080 1196; x_wconf 45' lang='grc'>,</span> 
     </span>
     <span class='ocr_line' id='line_1_10' title="bbox 178 1191 893 1272; baseline 0.01 -17"><span class='ocrx_word' id='word_1_63' title='bbox 178 1191 358 1272; x_wconf 87' lang='lat' dir='ltr'><strong>Inritatque</strong></span> <span class='ocrx_word' id='word_1_64' title='bbox 380 1193 483 1258; x_wconf 88' lang='lat' dir='ltr'><strong>virum</strong></span> <span class='ocrx_word' id='word_1_65' title='bbox 505 1193 578 1258; x_wconf 89' lang='lat' dir='ltr'><strong>telis</strong></span> <span class='ocrx_word' id='word_1_66' title='bbox 601 1199 635 1260; x_wconf 90' lang='lat' dir='ltr'><strong>et</strong></span> <span class='ocrx_word' id='word_1_67' title='bbox 655 1213 734 1260; x_wconf 88' lang='lat' dir='ltr'><strong>voce</strong></span> <span class='ocrx_word' id='word_1_68' title='bbox 756 1197 893 1262; x_wconf 86' lang='lat' dir='ltr'><strong>lacessit.</strong></span> 
     </span>
    </p>

    <p class='ocr_par' dir='ltr' id='par_1_4' title="bbox 87 1276 1230 1706">
     <span class='ocr_line' id='line_1_11' title="bbox 87 1276 1087 1362; baseline 0.007 -19"><span class='ocrx_word' id='word_1_69' title='bbox 87 1276 156 1343; x_wconf 84' lang='grc'><strong>645</strong></span> <span class='ocrx_word' id='word_1_70' title='bbox 178 1277 284 1342; x_wconf 90' lang='lat' dir='ltr'><strong>Instat</strong></span> <span class='ocrx_word' id='word_1_71' title='bbox 306 1277 358 1342; x_wconf 92' lang='lat' dir='ltr'><strong>cui</strong></span> <span class='ocrx_word' id='word_1_72' title='bbox 380 1278 518 1358; x_wconf 86' lang='lat' dir='ltr'><strong>Tumus‚</strong></span> <span class='ocrx_word' id='word_1_73' title='bbox 541 1279 796 1362; x_wconf 86' lang='lat' dir='ltr'><strong>stridentemque</strong></span> <span class='ocrx_word' id='word_1_74' title='bbox 819 1283 941 1352; x_wconf 89' lang='lat' dir='ltr'><strong>eminus</strong></span> <span class='ocrx_word' id='word_1_75' title='bbox 963 1284 1087 1350; x_wconf 87' lang='lat' dir='ltr'><strong>hastam</strong></span> 
     </span>
     <span class='ocr_line' id='line_1_12' title="bbox 179 1361 905 1450; baseline 0.008 -24"><span class='ocrx_word' id='word_1_76' title='bbox 179 1361 328 1441; x_wconf 82' lang='lat' dir='ltr'><strong>Coniicit3</strong></span> <span class='ocrx_word' id='word_1_77' title='bbox 351 1362 408 1428; x_wconf 85' lang='lat' dir='ltr'><strong>illa</strong></span> <span class='ocrx_word' id='word_1_78' title='bbox 429 1363 505 1428; x_wconf 91' lang='lat' dir='ltr'><strong>dato</strong></span> <span class='ocrx_word' id='word_1_79' title='bbox 526 1365 625 1429; x_wconf 89' lang='lat' dir='ltr'><strong>vertit</strong></span> <span class='ocrx_word' id='word_1_80' title='bbox 646 1366 784 1448; x_wconf 85' lang='lat' dir='ltr'><strong>vestigia</strong></span> <span class='ocrx_word' id='word_1_81' title='bbox 805 1373 905 1450; x_wconf 82' lang='lat' dir='ltr'><strong>tergo.</strong></span> 
     </span>
     <span class='ocr_line' id='line_1_13' title="bbox 178 1447 1230 1539; baseline 0.011 -28"><span class='ocrx_word' id='word_1_82' title='bbox 178 1447 261 1512; x_wconf 83' lang='lat' dir='ltr'><strong>Tum</strong></span> <span class='ocrx_word' id='word_1_83' title='bbox 282 1466 359 1512; x_wconf 84' lang='lat' dir='ltr'><strong>vero</strong></span> <span class='ocrx_word' id='word_1_84' title='bbox 379 1448 513 1524; x_wconf 78' lang='lat' dir='ltr'><strong>Aenean</strong></span> <span class='ocrx_word' id='word_1_85' title='bbox 534 1468 679 1514; x_wconf 86' lang='lat' dir='ltr'><strong>aversum</strong></span> <span class='ocrx_word' id='word_1_86' title='bbox 701 1456 738 1516; x_wconf 92' lang='lat' dir='ltr'><strong>ut</strong></span> <span class='ocrx_word' id='word_1_87' title='bbox 760 1454 874 1518; x_wconf 83' lang='lat' dir='ltr'><strong>cedere</strong></span> <span class='ocrx_word' id='word_1_88' title='bbox 897 1453 1023 1520; x_wconf 89' lang='lat' dir='ltr'><strong>Turnus</strong></span> <span class='ocrx_word' id='word_1_89' title='bbox 1225 1531 1230 1539; x_wconf 16' lang='lat'>⁸</span> 
     </span>
     <span class='ocr_line' id='line_1_14' title="bbox 178 1532 1141 1617; baseline 0.008 -21"><span class='ocrx_word' id='word_1_90' title='bbox 178 1532 323 1597; x_wconf 85' lang='lat' dir='ltr'><strong>Credidit</strong></span> <span class='ocrx_word' id='word_1_91' title='bbox 343 1537 441 1614; x_wconf 89' lang='lat' dir='ltr'><strong>atque</strong></span> <span class='ocrx_word' id='word_1_92' title='bbox 463 1534 568 1600; x_wconf 88' lang='lat' dir='ltr'><strong>animo</strong></span> <span class='ocrx_word' id='word_1_93' title='bbox 590 1553 680 1617; x_wconf 92' lang='lat' dir='ltr'><strong>spem</strong></span> <span class='ocrx_word' id='word_1_94' title='bbox 701 1536 848 1604; x_wconf 89' lang='lat' dir='ltr'><strong>turbidus</strong></span> <span class='ocrx_word' id='word_1_95' title='bbox 871 1539 977 1604; x_wconf 79' lang='lat' dir='ltr'><strong>hausit</strong></span> <span class='ocrx_word' id='word_1_96' title='bbox 997 1540 1141 1606; x_wconf 88' lang='lat' dir='ltr'><strong>inanem:</strong></span> 
     </span>
     <span class='ocr_line' id='line_1_15' title="bbox 179 1616 1061 1706; baseline 0.009 -24"><span class='ocrx_word' id='word_1_97' title='bbox 179 1616 249 1694; x_wconf 83' lang='lat' dir='ltr'><strong>Ouo</strong></span> <span class='ocrx_word' id='word_1_98' title='bbox 271 1616 369 1699; x_wconf 84' lang='lat' dir='ltr'><strong>fugis,</strong></span> <span class='ocrx_word' id='word_1_99' title='bbox 390 1620 522 1684; x_wconf 78' lang='lat' dir='ltr'><strong>Aenea?</strong></span> <span class='ocrx_word' id='word_1_100' title='bbox 555 1620 713 1686; x_wconf 88' lang='lat' dir='ltr'><strong>thalamos</strong></span> <span class='ocrx_word' id='word_1_101' title='bbox 734 1642 777 1688; x_wconf 91' lang='lat' dir='ltr'><strong>ne</strong></span> <span class='ocrx_word' id='word_1_102' title='bbox 800 1624 914 1690; x_wconf 87' lang='lat' dir='ltr'><strong>desere</strong></span> <span class='ocrx_word' id='word_1_103' title='bbox 935 1630 1061 1706; x_wconf 89' lang='lat' dir='ltr'><strong>pactos;</strong></span> 
     </span>
    </p>

    <p class='ocr_par' dir='ltr' id='par_1_5' title="bbox 87 1703 1053 2143">
     <span class='ocr_line' id='line_1_16' title="bbox 87 1703 1029 1790; baseline 0.005 -21"><span class='ocrx_word' id='word_1_104' title='bbox 87 1703 156 1769; x_wconf 96' lang='grc'><strong>650</strong></span> <span class='ocrx_word' id='word_1_105' title='bbox 178 1703 248 1767; x_wconf 90' lang='lat' dir='ltr'><strong>Hac</strong></span> <span class='ocrx_word' id='word_1_106' title='bbox 269 1703 398 1769; x_wconf 86' lang='lat' dir='ltr'><strong>dabitur</strong></span> <span class='ocrx_word' id='word_1_107' title='bbox 419 1705 532 1770; x_wconf 85' lang='lat' dir='ltr'><strong>dextra</strong></span> <span class='ocrx_word' id='word_1_108' title='bbox 554 1705 651 1771; x_wconf 91' lang='lat' dir='ltr'><strong>tellus</strong></span> <span class='ocrx_word' id='word_1_109' title='bbox 673 1708 818 1788; x_wconf 86' lang='lat' dir='ltr'><strong>quaesita</strong></span> <span class='ocrx_word' id='word_1_110' title='bbox 839 1728 898 1790; x_wconf 89' lang='lat' dir='ltr'><strong>per</strong></span> <span class='ocrx_word' id='word_1_111' title='bbox 917 1711 1029 1782; x_wconf 85' lang='lat' dir='ltr'><strong>undas.</strong></span> 
     </span>
     <span class='ocr_line' id='line_1_17' title="bbox 179 1788 1053 1876; baseline 0.008 -24"><span class='ocrx_word' id='word_1_112' title='bbox 179 1788 271 1852; x_wconf 87' lang='lat' dir='ltr'><strong>Talia</strong></span> <span class='ocrx_word' id='word_1_113' title='bbox 292 1788 471 1854; x_wconf 78' lang='lat' dir='ltr'><strong>vociferans</strong></span> <span class='ocrx_word' id='word_1_114' title='bbox 492 1791 650 1872; x_wconf 89' lang='lat' dir='ltr'><strong>sequitur,</strong></span> <span class='ocrx_word' id='word_1_115' title='bbox 672 1793 884 1876; x_wconf 87' lang='lat' dir='ltr'><strong>strictumque</strong></span> <span class='ocrx_word' id='word_1_116' title='bbox 907 1801 1053 1862; x_wconf 79' lang='lat' dir='ltr'><strong>conuscat</strong></span> 
     </span>
     <span class='ocr_line' id='line_1_18' title="bbox 175 1873 1040 1960; baseline 0.01 -23"><span class='ocrx_word' id='word_1_117' title='bbox 175 1873 378 1955; x_wconf 78' lang='lat' dir='ltr'><strong>Mucronem3</strong></span> <span class='ocrx_word' id='word_1_118' title='bbox 401 1893 462 1940; x_wconf 91' lang='lat' dir='ltr'><strong>uec</strong></span> <span class='ocrx_word' id='word_1_119' title='bbox 482 1874 568 1941; x_wconf 85' lang='lat' dir='ltr'><strong>ferre</strong></span> <span class='ocrx_word' id='word_1_120' title='bbox 590 1877 679 1942; x_wconf 88' lang='lat' dir='ltr'><strong>videt</strong></span> <span class='ocrx_word' id='word_1_121' title='bbox 700 1897 758 1944; x_wconf 88' lang='lat' dir='ltr'><strong>sua</strong></span> <span class='ocrx_word' id='word_1_122' title='bbox 780 1880 898 1960; x_wconf 83' lang='lat' dir='ltr'><strong>gaudia</strong></span> <span class='ocrx_word' id='word_1_123' title='bbox 917 1885 1040 1946; x_wconf 84' lang='lat' dir='ltr'><strong>ventos.</strong></span> 
     </span>
     <span class='ocr_line' id='line_1_19' title="bbox 177 1957 945 2045; baseline 0.013 -23"><span class='ocrx_word' id='word_1_124' title='bbox 177 1957 276 2023; x_wconf 87' lang='lat' dir='ltr'><strong>Forte</strong></span> <span class='ocrx_word' id='word_1_125' title='bbox 298 1959 378 2024; x_wconf 87' lang='lat' dir='ltr'><strong>ratis</strong></span> <span class='ocrx_word' id='word_1_126' title='bbox 400 1960 478 2025; x_wconf 90' lang='lat' dir='ltr'><strong>celsi</strong></span> <span class='ocrx_word' id='word_1_127' title='bbox 500 1961 671 2027; x_wconf 89' lang='lat' dir='ltr'><strong>coniuncta</strong></span> <span class='ocrx_word' id='word_1_128' title='bbox 692 1965 855 2045; x_wconf 83' lang='lat' dir='ltr'><strong>crepidine</strong></span> <span class='ocrx_word' id='word_1_129' title='bbox 878 1966 945 2032; x_wconf 89' lang='lat' dir='ltr'><strong>saxi</strong></span> 
     </span>
     <span class='ocr_line' id='line_1_20' title="bbox 177 2043 936 2143; baseline 0.012 -36"><span class='ocrx_word' id='word_1_130' title='bbox 177 2043 342 2126; x_wconf 81' lang='lat' dir='ltr'><strong>Expositis</strong></span> <span class='ocrx_word' id='word_1_131' title='bbox 363 2045 470 2110; x_wconf 87' lang='lat' dir='ltr'><strong>stabat</strong></span> <span class='ocrx_word' id='word_1_132' title='bbox 491 2046 586 2112; x_wconf 89' lang='lat' dir='ltr'><strong>scalis</strong></span> <span class='ocrx_word' id='word_1_133' title='bbox 609 2051 644 2110; x_wconf 94' lang='lat' dir='ltr'><strong>et</strong></span> <span class='ocrx_word' id='word_1_134' title='bbox 663 2053 763 2128; x_wconf 91' lang='lat' dir='ltr'><strong>ponte</strong></span> <span class='ocrx_word' id='word_1_135' title='bbox 785 2055 907 2131; x_wconf 80' lang='lat' dir='ltr'><strong>parato,</strong></span> <span class='ocrx_word' id='word_1_136' title='bbox 933 2125 936 2143; x_wconf 36' lang='grc' dir='ltr'>Ι</span> 
     </span>
    </p>

    <p class='ocr_par' dir='ltr' id='par_1_6' title="bbox 86 2129 1133 2557">
     <span class='ocr_line' id='line_1_21' title="bbox 86 2129 945 2207; baseline 0.005 -12"><span class='ocrx_word' id='word_1_137' title='bbox 86 2130 156 2195; x_wconf 89' lang='grc'><strong>655</strong></span> <span class='ocrx_word' id='word_1_138' title='bbox 179 2129 249 2207; x_wconf 84' lang='lat' dir='ltr'><strong>Qua</strong></span> <span class='ocrx_word' id='word_1_139' title='bbox 268 2148 327 2194; x_wconf 91' lang='lat' dir='ltr'><strong>rex</strong></span> <span class='ocrx_word' id='word_1_140' title='bbox 348 2129 486 2196; x_wconf 80' lang='lat' dir='ltr'><strong>Clusinis</strong></span> <span class='ocrx_word' id='word_1_141' title='bbox 508 2132 661 2197; x_wconf 88' lang='lat' dir='ltr'><strong>advectus</strong></span> <span class='ocrx_word' id='word_1_142' title='bbox 684 2132 812 2198; x_wconf 90' lang='lat' dir='ltr'><strong>Osinius</strong></span> <span class='ocrx_word' id='word_1_143' title='bbox 835 2135 907 2199; x_wconf 91' lang='lat' dir='ltr'><strong>oris.</strong></span> <span class='ocrx_word' id='word_1_144' title='bbox 941 2189 945 2200; x_wconf 90' lang='lat'>.</span> 
     </span>
     <span class='ocr_line' id='line_1_22' title="bbox 177 2215 942 2301; baseline 0.01 -23"><span class='ocrx_word' id='word_1_145' title='bbox 177 2215 250 2279; x_wconf 88' lang='lat' dir='ltr'><strong>Huc</strong></span> <span class='ocrx_word' id='word_1_146' title='bbox 271 2233 342 2280; x_wconf 90' lang='lat' dir='ltr'><strong>sese</strong></span> <span class='ocrx_word' id='word_1_147' title='bbox 365 2216 492 2297; x_wconf 92' lang='lat' dir='ltr'><strong>trepida</strong></span> <span class='ocrx_word' id='word_1_148' title='bbox 513 2218 642 2284; x_wconf 79' lang='lat' dir='ltr'><strong>Aeneae</strong></span> <span class='ocrx_word' id='word_1_149' title='bbox 663 2216 816 2300; x_wconf 82' lang='lat' dir='ltr'><strong>fugientis</strong></span> <span class='ocrx_word' id='word_1_150' title='bbox 837 2220 942 2301; x_wconf 83' lang='lat' dir='ltr'><strong>imago</strong></span> 
     </span>
     <span class='ocr_line' id='line_1_23' title="bbox 179 2299 1133 2386; baseline 0.01 -22"><span class='ocrx_word' id='word_1_151' title='bbox 179 2299 315 2364; x_wconf 92' lang='lat' dir='ltr'><strong>Coniicit</strong></span> <span class='ocrx_word' id='word_1_152' title='bbox 335 2300 370 2366; x_wconf 90' lang='lat' dir='ltr'><strong>in</strong></span> <span class='ocrx_word' id='word_1_153' title='bbox 392 2302 545 2381; x_wconf 89' lang='lat' dir='ltr'><strong>latebras;</strong></span> <span class='ocrx_word' id='word_1_154' title='bbox 567 2321 627 2368; x_wconf 91' lang='lat' dir='ltr'><strong>nec</strong></span> <span class='ocrx_word' id='word_1_155' title='bbox 650 2303 777 2368; x_wconf 88' lang='lat' dir='ltr'><strong>Turnus</strong></span> <span class='ocrx_word' id='word_1_156' title='bbox 800 2304 927 2386; x_wconf 81' lang='lat' dir='ltr'><strong>segnior</strong></span> <span class='ocrx_word' id='word_1_157' title='bbox 948 2306 1056 2384; x_wconf 80' lang='lat' dir='ltr'><strong>instat</strong></span> <span class='ocrx_word' id='word_1_158' title='bbox 1120 2365 1133 2376; x_wconf 87' lang='lat'><em>.</em></span> 
     </span>
     <span class='ocr_line' id='line_1_24' title="bbox 176 2385 1008 2469; baseline 0.006 -20"><span class='ocrx_word' id='word_1_159' title='bbox 176 2385 421 2468; x_wconf 89' lang='lat' dir='ltr'><strong>Exsuperatque</strong></span> <span class='ocrx_word' id='word_1_160' title='bbox 443 2405 548 2453; x_wconf 87' lang='lat' dir='ltr'><strong>moras</strong></span> <span class='ocrx_word' id='word_1_161' title='bbox 571 2394 606 2452; x_wconf 92' lang='lat' dir='ltr'><strong>et</strong></span> <span class='ocrx_word' id='word_1_162' title='bbox 626 2389 733 2469; x_wconf 91' lang='lat' dir='ltr'><strong>pontis</strong></span> <span class='ocrx_word' id='word_1_163' title='bbox 756 2389 896 2457; x_wconf 87' lang='lat' dir='ltr'><strong>transilit</strong></span> <span class='ocrx_word' id='word_1_164' title='bbox 918 2391 1008 2456; x_wconf 87' lang='lat' dir='ltr'><strong>altos.</strong></span> 
     </span>
     <span class='ocr_line' id='line_1_25' title="bbox 157 2470 1032 2557; baseline 0.006 -21"><span class='ocrx_word' id='word_1_165' title='bbox 157 2470 238 2537; x_wconf 87' lang='lat' dir='ltr'><strong>-Vix</strong></span> <span class='ocrx_word' id='word_1_166' title='bbox 259 2491 387 2557; x_wconf 81' lang='lat' dir='ltr'><strong>proram</strong></span> <span class='ocrx_word' id='word_1_167' title='bbox 409 2473 576 2555; x_wconf 81' lang='lat' dir='ltr'><strong>attigerat:</strong></span> <span class='ocrx_word' id='word_1_168' title='bbox 599 2475 719 2556; x_wconf 85' lang='lat' dir='ltr'><strong>rumpit</strong></span> <span class='ocrx_word' id='word_1_169' title='bbox 741 2473 892 2541; x_wconf 83' lang='lat' dir='ltr'><strong>Saturnia</strong></span> <span class='ocrx_word' id='word_1_170' title='bbox 913 2475 1032 2554; x_wconf 72' lang='lat' dir='ltr'><strong>funem,</strong></span> 
     </span>
    </p>

    <p class='ocr_par' dir='ltr' id='par_1_7' title="bbox 85 2557 1109 2984">
     <span class='ocr_line' id='line_1_26' title="bbox 85 2557 1089 2642; baseline 0.006 -19"><span class='ocrx_word' id='word_1_171' title='bbox 85 2557 156 2623; x_wconf 92' lang='grc'><strong>660</strong></span> <span class='ocrx_word' id='word_1_172' title='bbox 176 2557 390 2640; x_wconf 84' lang='lat' dir='ltr'><strong>Avulsamque</strong></span> <span class='ocrx_word' id='word_1_173' title='bbox 412 2559 498 2640; x_wconf 89' lang='lat' dir='ltr'><strong>rapit</strong></span> <span class='ocrx_word' id='word_1_174' title='bbox 519 2560 745 2642; x_wconf 47' lang='lat' dir='ltr'><strong>revolutaaper</strong></span> <span class='ocrx_word' id='word_1_175' title='bbox 767 2570 908 2642; x_wconf 83' lang='lat' dir='ltr'><strong>aequora</strong></span> <span class='ocrx_word' id='word_1_176' title='bbox 928 2580 1050 2629; x_wconf 82' lang='lat' dir='ltr'><strong>nauem.</strong></span> <span class='ocrx_word' id='word_1_177' title='bbox 1082 2584 1089 2597; x_wconf 79' lang='grc'><em>·</em></span> 
     </span>
     <span class='ocr_line' id='line_1_27' title="bbox 178 2642 1109 2730; baseline 0.008 -24"><span class='ocrx_word' id='word_1_178' title='bbox 178 2642 260 2707; x_wconf 91' lang='lat' dir='ltr'><strong>Tum</strong></span> <span class='ocrx_word' id='word_1_179' title='bbox 281 2643 361 2708; x_wconf 87' lang='lat' dir='ltr'><strong>levis</strong></span> <span class='ocrx_word' id='word_1_180' title='bbox 383 2643 469 2709; x_wconf 93' lang='lat' dir='ltr'><strong>haud</strong></span> <span class='ocrx_word' id='word_1_181' title='bbox 490 2645 577 2710; x_wconf 88' lang='lat' dir='ltr'><strong>ultra</strong></span> <span class='ocrx_word' id='word_1_182' title='bbox 599 2646 740 2711; x_wconf 83' lang='lat' dir='ltr'><strong>latebras</strong></span> <span class='ocrx_word' id='word_1_183' title='bbox 763 2645 825 2711; x_wconf 85' lang='lat' dir='ltr'><strong>iam</strong></span> <span class='ocrx_word' id='word_1_184' title='bbox 847 2647 973 2728; x_wconf 85' lang='lat' dir='ltr'><strong>quaerit</strong></span> <span class='ocrx_word' id='word_1_185' title='bbox 994 2647 1109 2730; x_wconf 82' lang='lat' dir='ltr'><strong>imago,</strong></span> 
     </span>
     <span class='ocr_line' id='line_1_28' title="bbox 178 2726 992 2811; baseline 0.007 -20"><span class='ocrx_word' id='word_1_186' title='bbox 178 2726 242 2793; x_wconf 88' lang='lat' dir='ltr'><strong>Sed</strong></span> <span class='ocrx_word' id='word_1_187' title='bbox 264 2728 400 2794; x_wconf 92' lang='lat' dir='ltr'><strong>sublime</strong></span> <span class='ocrx_word' id='word_1_188' title='bbox 421 2730 533 2795; x_wconf 87' lang='lat' dir='ltr'><strong>volans</strong></span> <span class='ocrx_word' id='word_1_189' title='bbox 554 2731 632 2795; x_wconf 91' lang='lat' dir='ltr'><strong>nubi</strong></span> <span class='ocrx_word' id='word_1_190' title='bbox 652 2750 687 2795; x_wconf 89' lang='lat' dir='ltr'><strong>se</strong></span> <span class='ocrx_word' id='word_1_191' title='bbox 709 2732 872 2798; x_wconf 85' lang='lat' dir='ltr'><strong>inmiscuit</strong></span> <span class='ocrx_word' id='word_1_192' title='bbox 894 2738 992 2811; x_wconf 83' lang='lat' dir='ltr'><strong>atrae.</strong></span> 
     </span>
     <span class='ocr_line' id='line_1_29' title="bbox 176 2812 1070 2899; baseline 0.008 -23"><span class='ocrx_word' id='word_1_193' title='bbox 176 2812 271 2877; x_wconf 93' lang='lat' dir='ltr'><strong>Illum</strong></span> <span class='ocrx_word' id='word_1_194' title='bbox 293 2818 402 2880; x_wconf 89' lang='lat' dir='ltr'><strong>autem</strong></span> <span class='ocrx_word' id='word_1_195' title='bbox 422 2816 548 2881; x_wconf 87' lang='lat' dir='ltr'><strong>Aeneas</strong></span> <span class='ocrx_word' id='word_1_196' title='bbox 571 2817 738 2883; x_wconf 85' lang='lat' dir='ltr'><strong>absentem</strong></span> <span class='ocrx_word' id='word_1_197' title='bbox 758 2818 793 2884; x_wconf 92' lang='lat' dir='ltr'><strong>in</strong></span> <span class='ocrx_word' id='word_1_198' title='bbox 815 2818 938 2899; x_wconf 87' lang='lat' dir='ltr'><strong>proelia</strong></span> <span class='ocrx_word' id='word_1_199' title='bbox 959 2818 1070 2899; x_wconf 86' lang='lat' dir='ltr'><strong>poscit.</strong></span> 
     </span>
     <span class='ocr_line' id='line_1_30' title="bbox 178 2897 979 2984; baseline 0.006 -22"><span class='ocrx_word' id='word_1_200' title='bbox 178 2897 281 2963; x_wconf 85' lang='lat' dir='ltr'><strong>Obvia</strong></span> <span class='ocrx_word' id='word_1_201' title='bbox 301 2900 403 2965; x_wconf 90' lang='lat' dir='ltr'><strong>multa</strong></span> <span class='ocrx_word' id='word_1_202' title='bbox 423 2900 527 2967; x_wconf 72' lang='lat' dir='ltr'><strong>vnum</strong></span> <span class='ocrx_word' id='word_1_203' title='bbox 548 2902 690 2967; x_wconf 91' lang='lat' dir='ltr'><strong>demittit</strong></span> <span class='ocrx_word' id='word_1_204' title='bbox 711 2922 846 2984; x_wconf 84' lang='lat' dir='ltr'><strong>corpora</strong></span> <span class='ocrx_word' id='word_1_205' title='bbox 868 2904 979 2969; x_wconf 90' lang='lat' dir='ltr'><strong>Morti:</strong></span> 
     </span>
    </p>

    <p class='ocr_par' dir='ltr' id='par_1_8' title="bbox 84 2982 1068 3411">
     <span class='ocr_line' id='line_1_31' title="bbox 84 2982 1068 3071; baseline 0.007 -23"><span class='ocrx_word' id='word_1_206' title='bbox 84 2984 155 3049; x_wconf 90' lang='grc'><strong>665</strong></span> <span class='ocrx_word' id='word_1_207' title='bbox 176 2982 257 3048; x_wconf 87' lang='lat' dir='ltr'><strong>Cum</strong></span> <span class='ocrx_word' id='word_1_208' title='bbox 280 2985 423 3051; x_wconf 88' lang='lat' dir='ltr'><strong>Turnum</strong></span> <span class='ocrx_word' id='word_1_209' title='bbox 445 2987 550 3052; x_wconf 93' lang='lat' dir='ltr'><strong>medio</strong></span> <span class='ocrx_word' id='word_1_210' title='bbox 572 2988 697 3054; x_wconf 83' lang='lat' dir='ltr'><strong>interea</strong></span> <span class='ocrx_word' id='word_1_211' title='bbox 717 2988 783 3053; x_wconf 81' lang='lat' dir='ltr'><strong>lert</strong></span> <span class='ocrx_word' id='word_1_212' title='bbox 803 3008 943 3071; x_wconf 85' lang='lat' dir='ltr'><strong>aequore</strong></span> <span class='ocrx_word' id='word_1_213' title='bbox 966 2989 1068 3055; x_wconf 88' lang='lat' dir='ltr'><strong>turbo.</strong></span> 
     </span>
     <span class='ocr_line' id='line_1_32' title="bbox 176 3069 965 3155; baseline 0.006 -22"><span class='ocrx_word' id='word_1_214' title='bbox 176 3069 320 3151; x_wconf 88' lang='lat' dir='ltr'><strong>Respicit</strong></span> <span class='ocrx_word' id='word_1_215' title='bbox 341 3071 471 3152; x_wconf 85' lang='lat' dir='ltr'><strong>ignarus</strong></span> <span class='ocrx_word' id='word_1_216' title='bbox 493 3090 601 3137; x_wconf 89' lang='lat' dir='ltr'><strong>rerum</strong></span> <span class='ocrx_word' id='word_1_217' title='bbox 622 3073 831 3155; x_wconf 82' lang='lat' dir='ltr'><strong>ingratusque</strong></span> <span class='ocrx_word' id='word_1_218' title='bbox 853 3075 965 3139; x_wconf 84' lang='lat' dir='ltr'><strong>salutis</strong></span> 
     </span>
     <span class='ocr_line' id='line_1_33' title="bbox 176 3154 1037 3237; baseline 0.006 -19"><span class='ocrx_word' id='word_1_219' title='bbox 176 3154 221 3219; x_wconf 86' lang='lat' dir='ltr'><strong>Et</strong></span> <span class='ocrx_word' id='word_1_220' title='bbox 243 3155 378 3237; x_wconf 90' lang='lat' dir='ltr'><strong>duplicis</strong></span> <span class='ocrx_word' id='word_1_221' title='bbox 401 3176 472 3221; x_wconf 91' lang='lat' dir='ltr'><strong>cum</strong></span> <span class='ocrx_word' id='word_1_222' title='bbox 494 3176 572 3223; x_wconf 87' lang='lat' dir='ltr'><strong>voce</strong></span> <span class='ocrx_word' id='word_1_223' title='bbox 593 3177 706 3223; x_wconf 91' lang='lat' dir='ltr'><strong>manus</strong></span> <span class='ocrx_word' id='word_1_224' title='bbox 728 3158 769 3223; x_wconf 88' lang='lat' dir='ltr'><strong>ad</strong></span> <span class='ocrx_word' id='word_1_225' title='bbox 791 3158 898 3223; x_wconf 87' lang='lat' dir='ltr'><strong>sidera</strong></span> <span class='ocrx_word' id='word_1_226' title='bbox 919 3160 1037 3225; x_wconf 89' lang='lat' dir='ltr'><strong>tendit:</strong></span> 
     </span>
     <span class='ocr_line' id='line_1_34' title="bbox 178 3238 1066 3325; baseline 0.007 -22"><span class='ocrx_word' id='word_1_227' title='bbox 178 3238 388 3323; x_wconf 87' lang='lat' dir='ltr'><strong>Omnipotens</strong></span> <span class='ocrx_word' id='word_1_228' title='bbox 410 3242 549 3325; x_wconf 83' lang='lat' dir='ltr'><strong>genitor,</strong></span> <span class='ocrx_word' id='word_1_229' title='bbox 572 3248 685 3310; x_wconf 88' lang='lat' dir='ltr'><strong>tanton</strong></span> <span class='ocrx_word' id='word_1_230' title='bbox 708 3263 759 3309; x_wconf 90' lang='lat' dir='ltr'><strong>me</strong></span> <span class='ocrx_word' id='word_1_231' title='bbox 782 3244 913 3309; x_wconf 89' lang='lat' dir='ltr'><strong>crimine</strong></span> <span class='ocrx_word' id='word_1_232' title='bbox 936 3244 1066 3325; x_wconf 82' lang='lat' dir='ltr'><strong>dignum</strong></span> 
     </span>
     <span class='ocr_line' id='line_1_35' title="bbox 176 3325 974 3411; baseline 0.005 -21"><span class='ocrx_word' id='word_1_233' title='bbox 176 3325 305 3391; x_wconf 83' lang='lat' dir='ltr'><strong>Duxisti</strong></span> <span class='ocrx_word' id='word_1_234' title='bbox 327 3331 362 3391; x_wconf 91' lang='lat' dir='ltr'><strong>et</strong></span> <span class='ocrx_word' id='word_1_235' title='bbox 383 3328 456 3392; x_wconf 89' lang='lat' dir='ltr'><strong>talis</strong></span> <span class='ocrx_word' id='word_1_236' title='bbox 477 3326 608 3393; x_wconf 90' lang='lat' dir='ltr'><strong>voluisti</strong></span> <span class='ocrx_word' id='word_1_237' title='bbox 630 3330 811 3411; x_wconf 91' lang='lat' dir='ltr'><strong>expendere</strong></span> <span class='ocrx_word' id='word_1_238' title='bbox 832 3330 974 3411; x_wconf 79' lang='lat' dir='ltr'><strong>poenas?</strong></span> 
     </span>
    </p>

    <p class='ocr_par' dir='ltr' id='par_1_9' title="bbox 86 3410 1227 3753">
     <span class='ocr_line' id='line_1_36' title="bbox 86 3410 1227 3497; baseline 0 -22"><span class='ocrx_word' id='word_1_239' title='bbox 86 3410 156 3475; x_wconf 78' lang='grc'>670</span> <span class='ocrx_word' id='word_1_240' title='bbox 177 3410 248 3489; x_wconf 81' lang='lat' dir='ltr'><strong>Quo</strong></span> <span class='ocrx_word' id='word_1_241' title='bbox 270 3410 379 3476; x_wconf 80' lang='lat' dir='ltr'><strong>ferorl</strong></span> <span class='ocrx_word' id='word_1_242' title='bbox 409 3413 495 3477; x_wconf 90' lang='lat' dir='ltr'><strong>unde</strong></span> <span class='ocrx_word' id='word_1_243' title='bbox 516 3413 602 3478; x_wconf 82' lang='lat' dir='ltr'><strong>abii?</strong></span> <span class='ocrx_word' id='word_1_244' title='bbox 635 3432 717 3495; x_wconf 91' lang='lat' dir='ltr'><strong>quae</strong></span> <span class='ocrx_word' id='word_1_245' title='bbox 739 3432 790 3479; x_wconf 89' lang='lat' dir='ltr'><strong>me</strong></span> <span class='ocrx_word' id='word_1_246' title='bbox 813 3413 900 3497; x_wconf 83' lang='lat' dir='ltr'><strong>fuga,</strong></span> <span class='ocrx_word' id='word_1_247' title='bbox 923 3432 1058 3495; x_wconf 90' lang='lat' dir='ltr'><strong>quemve</strong></span> <span class='ocrx_word' id='word_1_248' title='bbox 1081 3412 1227 3479; x_wconf 81' lang='lat' dir='ltr'><strong>reducit?</strong></span> 
     </span>
     <span class='ocr_line' id='line_1_37' title="bbox 175 3496 1025 3565; baseline 0.005 -6"><span class='ocrx_word' id='word_1_249' title='bbox 175 3496 389 3561; x_wconf 85' lang='lat' dir='ltr'><strong>Laurentisne</strong></span> <span class='ocrx_word' id='word_1_250' title='bbox 410 3498 529 3563; x_wconf 91' lang='lat' dir='ltr'><strong>iterum</strong></span> <span class='ocrx_word' id='word_1_251' title='bbox 551 3517 659 3563; x_wconf 90' lang='lat' dir='ltr'><strong>muros</strong></span> <span class='ocrx_word' id='word_1_252' title='bbox 682 3505 738 3564; x_wconf 89' lang='lat' dir='ltr'><strong>aut</strong></span> <span class='ocrx_word' id='word_1_253' title='bbox 761 3504 866 3565; x_wconf 85' lang='lat' dir='ltr'><strong>castra</strong></span> <span class='ocrx_word' id='word_1_254' title='bbox 888 3499 1025 3564; x_wconf 79' lang='lat' dir='ltr'><strong>videbo?</strong></span> 
     </span>
     <span class='ocr_line' id='line_1_38' title="bbox 177 3580 1172 3667; baseline 0 -21"><span class='ocrx_word' id='word_1_255' title='bbox 177 3580 261 3659; x_wconf 88' lang='lat' dir='ltr'><strong>Quid</strong></span> <span class='ocrx_word' id='word_1_256' title='bbox 282 3601 395 3649; x_wconf 88' lang='lat' dir='ltr'><strong>manus</strong></span> <span class='ocrx_word' id='word_1_257' title='bbox 416 3583 473 3647; x_wconf 88' lang='lat' dir='ltr'><strong>illa</strong></span> <span class='ocrx_word' id='word_1_258' title='bbox 494 3582 609 3663; x_wconf 87' lang='lat' dir='ltr'><strong>virum,</strong></span> <span class='ocrx_word' id='word_1_259' title='bbox 632 3585 687 3666; x_wconf 91' lang='lat' dir='ltr'><strong>qui</strong></span> <span class='ocrx_word' id='word_1_260' title='bbox 708 3603 760 3649; x_wconf 91' lang='lat' dir='ltr'><strong>me</strong></span> <span class='ocrx_word' id='word_1_261' title='bbox 782 3604 916 3667; x_wconf 88' lang='lat' dir='ltr'><strong>meaque</strong></span> <span class='ocrx_word' id='word_1_262' title='bbox 939 3604 1028 3649; x_wconf 87' lang='lat' dir='ltr'><strong>arma</strong></span> <span class='ocrx_word' id='word_1_263' title='bbox 1050 3582 1172 3649; x_wconf 80' lang='lat' dir='ltr'><strong>secuti?</strong></span> 
     </span>
     <span class='ocr_line' id='line_1_39' title="bbox 178 3666 1150 3753; baseline 0.001 -22"><span class='ocrx_word' id='word_1_264' title='bbox 178 3666 308 3745; x_wconf 82' lang='lat' dir='ltr'><strong>Quosne</strong></span> <span class='ocrx_word' id='word_1_265' title='bbox 328 3704 372 3715; x_wconf 89' lang='lat'><strong>-</strong></span> <span class='ocrx_word' id='word_1_266' title='bbox 394 3667 484 3733; x_wconf 87' lang='lat' dir='ltr'><strong>nefas</strong></span> <span class='ocrx_word' id='word_1_267' title='bbox 505 3706 549 3716; x_wconf 94' lang='lat'>—</span> <span class='ocrx_word' id='word_1_268' title='bbox 570 3670 672 3734; x_wconf 89' lang='lat' dir='ltr'><strong>omnis</strong></span> <span class='ocrx_word' id='word_1_269' title='bbox 693 3668 825 3753; x_wconf 86' lang='lat' dir='ltr'><strong>infanda</strong></span> <span class='ocrx_word' id='word_1_270' title='bbox 846 3670 884 3739; x_wconf 88' lang='lat' dir='ltr'><strong>in</strong></span> <span class='ocrx_word' id='word_1_271' title='bbox 901 3674 1005 3735; x_wconf 91' lang='lat' dir='ltr'><strong>morte</strong></span> <span class='ocrx_word' id='word_1_272' title='bbox 1027 3669 1150 3750; x_wconf 90' lang='lat' dir='ltr'><strong>reliqui,</strong></span> 
     </span>
    </p>
   </div>
   <div class='ocr_carea' id='block_1_3' title="bbox 84 3790 1371 4429">
    <p class='ocr_par' dir='ltr' id='par_1_10' title="bbox 84 3790 1371 4429">
     <span class='ocr_line' id='line_1_40' title="bbox 593 3790 1263 3867; baseline 0.003 -4"><span class='ocrx_word' id='word_1_273' title='bbox 593 3810 688 3865; x_wconf 79' lang='lat' dir='ltr'><strong>asco</strong></span> <span class='ocrx_word' id='word_1_274' title='bbox 748 3810 843 3865; x_wconf 77' lang='lat' dir='ltr'><strong>seca</strong></span> <span class='ocrx_word' id='word_1_275' title='bbox 899 3812 949 3867; x_wconf 74' lang='lat' dir='ltr'><strong>een</strong></span> <span class='ocrx_word' id='word_1_276' title='bbox 983 3790 1081 3828; x_wconf 58' lang='lat' dir='ltr'><strong>s·</strong></span> <span class='ocrx_word' id='word_1_277' title='bbox 1197 3812 1263 3865; x_wconf 85' lang='lat' dir='ltr'><strong>s4</strong></span> 
     </span>
     <span class='ocr_line' id='line_1_41' title="bbox 84 3811 1371 3951; baseline 0.002 -20"><span class='ocrx_word' id='word_1_278' title='bbox 84 3828 145 3931; x_wconf 45' lang='lat'><strong>⁶83¹</strong></span> <span class='ocrx_word' id='word_1_279' title='bbox 162 3812 256 3931; x_wconf 53' lang='grc' dir='ltr'>15150ΰὲ61</span> <span class='ocrx_word' id='word_1_280' title='bbox 256 3811 395 3933; x_wconf 43' lang='grc' dir='ltr'><strong>ι1555555965</strong></span> <span class='ocrx_word' id='word_1_281' title='bbox 404 3829 526 3944; x_wconf 43' lang='lat' dir='ltr'><strong>alifa&amp;</strong></span> <span class='ocrx_word' id='word_1_282' title='bbox 538 3829 590 3950; x_wconf 57' lang='lat' dir='ltr'><strong>sq}</strong></span> <span class='ocrx_word' id='word_1_283' title='bbox 611 3850 682 3934; x_wconf 53' lang='lat'><strong>⁹639.</strong></span> <span class='ocrx_word' id='word_1_284' title='bbox 705 3820 799 3933; x_wconf 50' lang='lat' dir='ltr'><strong>{tonica</strong></span> <span class='ocrx_word' id='word_1_285' title='bbox 816 3812 1273 3951; x_wconf 54' lang='grc' dir='ltr'>55555555555555555Μι55555155</span> <span class='ocrx_word' id='word_1_286' title='bbox 1368 3884 1371 3889; x_wconf 82' lang='lat'>&#39;</span> 
     </span>
     <span class='ocr_line' id='line_1_42' title="bbox 85 3947 1270 4018; baseline 0 -17"><span class='ocrx_word' id='word_1_287' title='bbox 85 3949 211 4001; x_wconf 82' lang='lat' dir='ltr'><strong>subiectis</strong></span> <span class='ocrx_word' id='word_1_288' title='bbox 227 3950 294 4012; x_wconf 79' lang='lat' dir='ltr'><strong>„Oct</strong></span> <span class='ocrx_word' id='word_1_289' title='bbox 311 3952 377 4001; x_wconf 85' lang='lat' dir='ltr'><strong>sine</strong></span> <span class='ocrx_word' id='word_1_290' title='bbox 395 3958 495 4001; x_wconf 87' lang='lat' dir='ltr'><strong>mente</strong></span> <span class='ocrx_word' id='word_1_291' title='bbox 513 3953 659 4017; x_wconf 75' lang='lat' dir='ltr'><strong>sanum.“l</strong></span> <span class='ocrx_word' id='word_1_292' title='bbox 688 3947 747 4002; x_wconf 81' lang='grc'>648.</span> <span class='ocrx_word' id='word_1_293' title='bbox 766 3952 894 4013; x_wconf 75' lang='lat' dir='ltr'><strong>turbidus,</strong></span> <span class='ocrx_word' id='word_1_294' title='bbox 906 3952 961 4017; x_wconf 82' lang='lat' dir='ltr'><strong>ipsa</strong></span> <span class='ocrx_word' id='word_1_295' title='bbox 975 3952 1069 4003; x_wconf 82' lang='lat' dir='ltr'><strong>seilicet</strong></span> <span class='ocrx_word' id='word_1_296' title='bbox 1081 3948 1146 4018; x_wconf 78' lang='lat' dir='ltr'><strong>spel</strong></span> <span class='ocrx_word' id='word_1_297' title='bbox 1172 3947 1232 4003; x_wconf 80' lang='grc'>652.</span> <span class='ocrx_word' id='word_1_298' title='bbox 1244 3966 1270 4001; x_wconf 83' lang='lat' dir='ltr'><strong>v.</strong></span> 
     </span>
     <span class='ocr_line' id='line_1_43' title="bbox 84 4013 1272 4086; baseline 0.003 -19"><span class='ocrx_word' id='word_1_299' title='bbox 84 4014 116 4080; x_wconf 81' lang='lat'><strong>9,</strong></span> <span class='ocrx_word' id='word_1_300' title='bbox 132 4013 209 4081; x_wconf 58' lang='lat'><strong>3134</strong></span> <span class='ocrx_word' id='word_1_301' title='bbox 242 4014 302 4071; x_wconf 84' lang='grc'>654.</span> <span class='ocrx_word' id='word_1_302' title='bbox 321 4034 344 4069; x_wconf 92' lang='lat' dir='ltr'><strong>v.</strong></span> <span class='ocrx_word' id='word_1_303' title='bbox 364 4035 403 4069; x_wconf 87' lang='lat' dir='ltr'><strong>vs.</strong></span> <span class='ocrx_word' id='word_1_304' title='bbox 420 4017 494 4086; x_wconf 63' lang='lat'><strong>2874</strong></span> <span class='ocrx_word' id='word_1_305' title='bbox 528 4017 587 4071; x_wconf 89' lang='grc'>655.</span> <span class='ocrx_word' id='word_1_306' title='bbox 605 4019 746 4086; x_wconf 83' lang='lat' dir='ltr'><strong>putabimus</strong></span> <span class='ocrx_word' id='word_1_307' title='bbox 764 4018 876 4070; x_wconf 86' lang='lat' dir='ltr'><strong>Osinium</strong></span> <span class='ocrx_word' id='word_1_308' title='bbox 892 4020 995 4070; x_wconf 82' lang='lat' dir='ltr'><strong>Lartem</strong></span> <span class='ocrx_word' id='word_1_309' title='bbox 1010 4020 1167 4071; x_wconf 85' lang='lat' dir='ltr'><strong>Clusinorum</strong></span> <span class='ocrx_word' id='word_1_310' title='bbox 1185 4020 1272 4083; x_wconf 80' lang='lat' dir='ltr'><strong>luisse,</strong></span> 
     </span>
     <span class='ocr_line' id='line_1_44' title="bbox 87 4085 1271 4155; baseline -0.001 -18"><span class='ocrx_word' id='word_1_311' title='bbox 87 4088 135 4151; x_wconf 87' lang='lat' dir='ltr'><strong>qui</strong></span> <span class='ocrx_word' id='word_1_312' title='bbox 157 4086 205 4136; x_wconf 86' lang='lat' dir='ltr'><strong>sub</strong></span> <span class='ocrx_word' id='word_1_313' title='bbox 228 4088 347 4151; x_wconf 80' lang='lat' dir='ltr'><strong>auspiciis</strong></span> <span class='ocrx_word' id='word_1_314' title='bbox 364 4087 466 4139; x_wconf 76' lang='lat' dir='ltr'><strong>Massid</strong></span> <span class='ocrx_word' id='word_1_315' title='bbox 484 4090 551 4155; x_wconf 77' lang='lat' dir='ltr'><strong>parti</strong></span> <span class='ocrx_word' id='word_1_316' title='bbox 569 4089 696 4139; x_wconf 84' lang='lat' dir='ltr'><strong>exercitus</strong></span> <span class='ocrx_word' id='word_1_317' title='bbox 713 4094 857 4153; x_wconf 79' lang='lat' dir='ltr'><strong>praeesset,</strong></span> <span class='ocrx_word' id='word_1_318' title='bbox 881 4088 912 4138; x_wconf 77' lang='lat' dir='ltr'><strong>cf.</strong></span> <span class='ocrx_word' id='word_1_319' title='bbox 931 4104 970 4139; x_wconf 89' lang='lat' dir='ltr'><strong>vs.</strong></span> <span class='ocrx_word' id='word_1_320' title='bbox 988 4086 1062 4148; x_wconf 80' lang='grc'>1661</span> <span class='ocrx_word' id='word_1_321' title='bbox 1096 4085 1156 4142; x_wconf 85' lang='grc'>658.</span> <span class='ocrx_word' id='word_1_322' title='bbox 1174 4104 1271 4150; x_wconf 61' lang='lat' dir='ltr'><strong>nmque,</strong></span> 
     </span>
     <span class='ocr_line' id='line_1_45' title="bbox 86 4152 1272 4224; baseline 0.002 -21"><span class='ocrx_word' id='word_1_323' title='bbox 86 4154 239 4224; x_wconf 71' lang='lat' dir='ltr'><strong>scalarum}</strong></span> <span class='ocrx_word' id='word_1_324' title='bbox 272 4152 333 4207; x_wconf 85' lang='grc'>660.</span> <span class='ocrx_word' id='word_1_325' title='bbox 351 4156 467 4207; x_wconf 75' lang='lat' dir='ltr'><strong>matuta</strong></span> <span class='ocrx_word' id='word_1_326' title='bbox 485 4158 586 4209; x_wconf 85' lang='lat' dir='ltr'><strong>videtur</strong></span> <span class='ocrx_word' id='word_1_327' title='bbox 603 4158 636 4207; x_wconf 81' lang='lat' dir='ltr'><strong>ad</strong></span> <span class='ocrx_word' id='word_1_328' title='bbox 657 4172 785 4207; x_wconf 84' lang='lat' dir='ltr'><strong>recessum</strong></span> <span class='ocrx_word' id='word_1_329' title='bbox 805 4159 923 4207; x_wconf 83' lang='lat' dir='ltr'><strong>ductuum</strong></span> <span class='ocrx_word' id='word_1_330' title='bbox 946 4158 1086 4223; x_wconf 63' lang='lat' dir='ltr'><strong>pertineret</strong></span> <span class='ocrx_word' id='word_1_331' title='bbox 1109 4174 1138 4207; x_wconf 88' lang='lat' dir='ltr'><strong>eo</strong></span> <span class='ocrx_word' id='word_1_332' title='bbox 1161 4163 1272 4221; x_wconf 83' lang='lat' dir='ltr'><strong>tempore</strong></span> 
     </span>
     <span class='ocr_line' id='line_1_46' title="bbox 86 4224 1270 4292; baseline 0 -19"><span class='ocrx_word' id='word_1_333' title='bbox 86 4238 139 4273; x_wconf 74' lang='lat' dir='ltr'><strong>aaa</strong></span> <span class='ocrx_word' id='word_1_334' title='bbox 155 4229 244 4288; x_wconf 80' lang='lat' dir='ltr'><strong>sponte</strong></span> <span class='ocrx_word' id='word_1_335' title='bbox 255 4224 413 4274; x_wconf 73' lang='lat' dir='ltr'><strong>annuntium</strong></span> <span class='ocrx_word' id='word_1_336' title='bbox 424 4226 496 4275; x_wconf 85' lang='lat' dir='ltr'><strong>navis</strong></span> <span class='ocrx_word' id='word_1_337' title='bbox 509 4240 524 4275; x_wconf 77' lang='lat' dir='ltr'><strong>a</strong></span> <span class='ocrx_word' id='word_1_338' title='bbox 535 4226 611 4276; x_wconf 84' lang='lat' dir='ltr'><strong>litore</strong></span> <span class='ocrx_word' id='word_1_339' title='bbox 621 4231 647 4275; x_wconf 91' lang='lat' dir='ltr'><strong>et</strong></span> <span class='ocrx_word' id='word_1_340' title='bbox 658 4225 684 4275; x_wconf 91' lang='lat' dir='ltr'><strong>in</strong></span> <span class='ocrx_word' id='word_1_341' title='bbox 696 4226 774 4275; x_wconf 82' lang='lat' dir='ltr'><strong>altum</strong></span> <span class='ocrx_word' id='word_1_342' title='bbox 786 4225 924 4290; x_wconf 78' lang='lat' dir='ltr'><strong>abripitur3</strong></span> <span class='ocrx_word' id='word_1_343' title='bbox 944 4234 1008 4292; x_wconf 82' lang='lat' dir='ltr'><strong>post,</strong></span> <span class='ocrx_word' id='word_1_344' title='bbox 1027 4227 1146 4277; x_wconf 78' lang='lat' dir='ltr'><strong>redeunte</strong></span> <span class='ocrx_word' id='word_1_345' title='bbox 1159 4239 1270 4285; x_wconf 83' lang='lat' dir='ltr'><strong>necessu,</strong></span> 
     </span>
     <span class='ocr_line' id='line_1_47' title="bbox 88 4289 1272 4364; baseline -0.001 -23"><span class='ocrx_word' id='word_1_346' title='bbox 88 4291 183 4341; x_wconf 68' lang='lat' dir='ltr'><strong>turm</strong></span> <span class='ocrx_word' id='word_1_347' title='bbox 204 4290 319 4343; x_wconf 68' lang='lat' dir='ltr'><strong>defertur</strong></span> <span class='ocrx_word' id='word_1_348' title='bbox 338 4292 371 4341; x_wconf 85' lang='lat' dir='ltr'><strong>ad</strong></span> <span class='ocrx_word' id='word_1_349' title='bbox 392 4299 487 4364; x_wconf 70' lang='lat' dir='ltr'><strong>teneam</strong></span> <span class='ocrx_word' id='word_1_350' title='bbox 512 4309 550 4343; x_wconf 84' lang='lat' dir='ltr'><strong>vs.</strong></span> <span class='ocrx_word' id='word_1_351' title='bbox 568 4291 618 4344; x_wconf 81' lang='grc'>687</span> <span class='ocrx_word' id='word_1_352' title='bbox 637 4291 688 4358; x_wconf 74' lang='lat' dir='ltr'><strong>aql</strong></span> <span class='ocrx_word' id='word_1_353' title='bbox 722 4289 780 4344; x_wconf 82' lang='grc'>667.</span> <span class='ocrx_word' id='word_1_354' title='bbox 807 4309 866 4345; x_wconf 70' lang='lat' dir='ltr'><strong>etam</strong></span> <span class='ocrx_word' id='word_1_355' title='bbox 882 4308 955 4357; x_wconf 82' lang='lat' dir='ltr'><strong>uoco,</strong></span> <span class='ocrx_word' id='word_1_356' title='bbox 978 4296 993 4343; x_wconf 91' lang='lat' dir='ltr'><strong>i.</strong></span> <span class='ocrx_word' id='word_1_357' title='bbox 1011 4311 1033 4344; x_wconf 85' lang='lat' dir='ltr'><strong>e.</strong></span> <span class='ocrx_word' id='word_1_358' title='bbox 1058 4294 1129 4343; x_wconf 81' lang='lat' dir='ltr'><strong>clara</strong></span> <span class='ocrx_word' id='word_1_359' title='bbox 1152 4306 1213 4341; x_wconf 90' lang='lat' dir='ltr'><strong>voce</strong></span> <span class='ocrx_word' id='word_1_360' title='bbox 1235 4290 1272 4340; x_wconf 85' lang='lat' dir='ltr'><strong>ita</strong></span> 
     </span>
     <span class='ocr_line' id='line_1_48' title="bbox 89 4357 1298 4429; baseline -0.001 -19"><span class='ocrx_word' id='word_1_361' title='bbox 89 4373 210 4425; x_wconf 55' lang='lat' dir='ltr'><strong>protana</strong></span> <span class='ocrx_word' id='word_1_362' title='bbox 228 4366 253 4409; x_wconf 90' lang='lat' dir='ltr'><strong>et</strong></span> <span class='ocrx_word' id='word_1_363' title='bbox 270 4358 301 4409; x_wconf 78' lang='lat' dir='ltr'><strong>ei.</strong></span> <span class='ocrx_word' id='word_1_364' title='bbox 320 4359 413 4411; x_wconf 76' lang='lat' dir='ltr'><strong>Tituli.</strong></span> <span class='ocrx_word' id='word_1_365' title='bbox 430 4357 457 4422; x_wconf 84' lang='lat'><strong>3,</strong></span> <span class='ocrx_word' id='word_1_366' title='bbox 473 4357 568 4429; x_wconf 63' lang='lat' dir='ltr'><strong>qut!</strong></span> <span class='ocrx_word' id='word_1_367' title='bbox 602 4358 662 4411; x_wconf 81' lang='lat'><strong>670.</strong></span> <span class='ocrx_word' id='word_1_368' title='bbox 680 4362 789 4425; x_wconf 82' lang='lat' dir='ltr'><strong>reducit,</strong></span> <span class='ocrx_word' id='word_1_369' title='bbox 807 4377 840 4411; x_wconf 87' lang='lat' dir='ltr'><strong>ex</strong></span> <span class='ocrx_word' id='word_1_370' title='bbox 859 4364 934 4426; x_wconf 71' lang='lat' dir='ltr'><strong>acie!</strong></span> <span class='ocrx_word' id='word_1_371' title='bbox 969 4360 1028 4414; x_wconf 77' lang='lat'>673.</span> <span class='ocrx_word' id='word_1_372' title='bbox 1046 4361 1148 4423; x_wconf 74' lang='grc'>055555</span> <span class='ocrx_word' id='word_1_373' title='bbox 1166 4360 1204 4409; x_wconf 87' lang='lat' dir='ltr'><strong>hie</strong></span> <span class='ocrx_word' id='word_1_374' title='bbox 1221 4359 1298 4409; x_wconf 75' lang='lat' dir='ltr'><strong>vim‘</strong></span> 
     </span>
    </p>
   </div>
   <div class='ocr_carea' id='block_1_4' title="bbox 0 0 1485 4975">
    <p class='ocr_par' dir='ltr' id='par_1_11' title="bbox 0 0 1485 4975">
     <span class='ocr_line' id='line_1_49' title="bbox 0 0 1485 4975; baseline 0 0"><span class='ocrx_word' id='word_1_375' title='bbox 0 0 1485 4975; x_wconf 95' lang='lat' dir='ltr'><strong> </strong></span> 
     </span>
    </p>
   </div>
  </div>
 </body>
</html>
