2942 4975
473 310 687 375 AENEIDOS
710 312 791 389 LIB.
811 313 899 377 VIIL

180 494 320 559 Litoreis
342 493 456 575 ingens
477 494 609 560 iuventa
631 496 689 561 suh
710 497 835 563 ilicibus
857 517 920 578 sus,

182 580 329 661 Triginta
351 580 492 662 capitum
513 579 599 645 fetus
623 582 725 661 enixa,
748 582 874 663 iacebit,

112 664 158 730 45
181 664 276 744 Alba,
299 664 367 729 solo
390 665 559 744 recubans,
582 666 646 730 albi
668 668 788 731 circum
809 667 911 733 ubera
931 671 1008 735 nati.

180 749 242 813 llic
264 750 354 814 loeus
376 750 465 813 urhis
488 750 563 830 erit,
585 752 712 832 requies
735 770 774 817 ea
796 758 885 817 certa
906 754 1059 836 laborum,

180 834 229 899 Ex
251 852 314 915 quo
337 839 389 899 ter
411 835 501 899 denis
523 835 635 900 urbem
657 838 867 903 redeuntibus
889 840 981 905 annis

180 919 337 984 Ascanius
360 919 438 987 clari
460 921 577 985 condet
600 922 795 1003 cognominis
817 924 940 989 Albam.

181 1004 276 1068 Haud
297 1004 421 1072 incerta
445 1023 533 1070 carro.
577 1006 670 1071 Nune
692 1026 757 1089 qua
777 1007 916 1087 ratione,
936 1010 1023 1090 quod
1043 1010 1152 1090 instat,

115 1089 160 1155 50
181 1088 341 1171 Expedias
363 1090 478 1169 victor,
501 1091 623 1171 paneis,
646 1093 792 1171 adverte,
815 1095 946 1159 docebo.

180 1174 323 1239 Arcades
346 1174 395 1241 his
418 1174 495 1253 oris,
518 1194 619 1256 genus
642 1196 662 1240 a
682 1177 829 1242 Pallante
851 1179 1041 1260 profectum,

181 1259 243 1335 Qui
265 1278 376 1341 regem
397 1260 585 1325 Euandrum
608 1262 754 1341 comites,
777 1263 831 1344 qui
853 1263 945 1346 signa
966 1264 1076 1345 secuti,

180 1344 341 1425 Delegere
363 1346 469 1409 locum
493 1350 526 1411 et
547 1364 685 1428 posuere
707 1348 740 1411 in
762 1349 923 1415 montibus
946 1351 1059 1417 urbem

180 1428 337 1493 Pallantis
359 1430 469 1511 proavi
492 1432 532 1495 de
555 1432 683 1496 nomine
706 1432 917 1498 Pallanteum.

115 1515 159 1581 55
181 1514 225 1578 Hi
246 1513 367 1579 bellum
390 1515 522 1581 adsidue
544 1516 665 1581 ducunt
688 1536 760 1581 eum
782 1523 879 1599 gente
901 1518 1029 1600 Latina3

181 1600 250 1663 Hos
273 1600 386 1665 eastris
409 1601 524 1667 adhibe
547 1601 650 1667 socios
673 1606 707 1665 et
727 1602 860 1668 foedera
880 1604 984 1687 iunge.

180 1686 255 1767 Ipse
278 1704 338 1767 ego
361 1690 396 1750 te
417 1685 495 1769 ripis
518 1690 551 1750 et
572 1690 662 1752 recto
684 1686 815 1752 flumine
837 1690 960 1768 ducam,

180 1770 360 1835 Adversum
382 1772 478 1835 remis
500 1790 633 1854 superes
655 1773 826 1839 subvectus
848 1779 885 1839 ut
906 1794 1040 1841 amnem.

182 1854 284 1937 Surge
308 1874 381 1937 age,
403 1861 478 1921 nate
501 1857 574 1936 dea,
595 1857 769 1940 primisque
792 1860 980 1925 cadentibus
1002 1862 1098 1927 astris

117 1940 161 2005 60
182 1939 298 2005 Iunoni
320 1940 453 2005 territe
476 1960 601 2024 preces,
624 1944 768 2025 iramque
789 1945 957 2027 minasque

182 2024 384 2107 Supplicibus
406 2045 523 2108 supera
544 2028 636 2092 votis.
681 2028 761 2092 Mihi
782 2030 885 2094 victor
906 2031 1061 2097 honorem

181 2110 358 2175 Persolves.
403 2113 473 2192 Ego
496 2131 579 2191 sum,
602 2113 697 2193 pleno
719 2132 814 2195 quem
836 2113 967 2179 flumine
990 2116 1094 2181 cernis

181 2194 403 2277 stringentem
425 2197 510 2279 ripas
534 2201 567 2263 et
588 2198 719 2279 pinguia
741 2199 828 2263 culta
848 2206 1021 2280 secantem,

182 2279 356 2346 Caeruleus
380 2282 528 2364 Thybris,
552 2283 641 2347 eaelo
663 2283 863 2363 gratissimus
885 2285 995 2349 amnis

115 2364 158 2429 65
180 2365 242 2430 Hic
264 2366 342 2430 mihi
362 2384 478 2449 magna
499 2369 624 2447 domne,
649 2368 743 2433 celsis
765 2373 862 2451 caput
883 2369 1014 2434 urbibus
1037 2369 1110 2435 enit.

263 2451 364 2532 Dixit,
388 2451 503 2521 deinde
525 2454 599 2519 lacu
620 2453 752 2520 Flavius
775 2472 810 2520 se
833 2454 977 2521 condidit
998 2455 1073 2534 alte,

181 2537 250 2602 Ima
271 2542 399 2619 petens3
422 2557 484 2604 nox
506 2539 637 2605 Aenean
659 2559 855 2622 somnusque
876 2541 1014 2622 reliquit

181 2621 304 2703 Surgit,
328 2627 374 2702 et,
396 2623 531 2688 aetherii
553 2629 702 2705 spectans
725 2626 863 2690 orientia
884 2625 966 2691 Solis

180 2707 328 2787 Lumina,
350 2709 414 2773 rite
437 2709 521 2774 cavis
543 2711 662 2774 undam
684 2712 724 2775 de
747 2710 876 2775 flumine
898 2711 1012 2793 palmis

117 2793 161 2858 70
182 2791 340 2874 Sustinet,
364 2812 401 2859 ae
423 2793 497 2858 talis
521 2793 656 2859 effundit
679 2796 720 2860 ad
743 2796 877 2860 aethera
898 2815 1008 2861 voces:

93 3041 124 3084 nt
146 3031 175 3094 1,
197 3029 262 3095 272,
286 3039 355 3084 certo
379 3031 547 3101 eventuram}
581 3029 616 3083 43
634 3049 686 3098 sqq.
705 3049 730 3082 v.
749 3033 774 3099 3,
792 3030 866 3094 3901
900 3031 944 3085 46.
963 3033 1009 3084 Hie
1033 3035 1112 3084 bens.
1148 3034 1176 3084 ln
1193 3035 1279 3086 eodan

94 3117 172 3152 versu
189 3099 214 3165 3,
231 3099 283 3152 393
300 3108 340 3152 est
356 3100 383 3150 le
401 3100 478 3150 locus.
508 3101 602 3168 Nempe
614 3101 747 3152 Tiberinus
764 3103 873 3168 loquitur
890 3104 992 3153 deloco
1009 3110 1078 3152 certo
1097 3104 1194 3167 sibique
1211 3110 1278 3165 note,

93 3170 203 3220 Helenus
221 3170 252 3220 de
269 3171 363 3220 incerto
381 3169 476 3233 sibique
493 3171 585 3234 ignoto.
604 3199 637 3207 -
656 3170 773 3220 Ceterum
791 3187 846 3221 curn
869 3186 952 3221 nova
977 3170 1078 3220 Troia
1095 3172 1121 3220 in
1137 3171 1210 3222 Latio
1230 3172 1280 3220 inm

94 3239 196 3288 condita
213 3239 247 3288 sit
264 3239 296 3288 ab
315 3238 407 3300 Aeaea,
426 3236 457 3287 el.
477 3235 501 3302 7,
519 3236 568 3288 151
588 3255 649 3304 sqq,
668 3238 812 3290 Tiberinum
830 3247 937 3306 apparet
953 3239 987 3288 ad
1004 3238 1135 3289 Lavinium
1157 3245 1279 3304 spectare,

95 3323 145 3371 qno
162 3307 284 3372 pertinent
301 3307 376 3356 etiam
394 3319 432 3355 vs.
450 3302 483 3357 41
503 3322 539 3372 sq.
576 3305 703 3358 Inventam
721 3313 803 3358 autem
821 3323 876 3358 esse
894 3323 962 3357 suem
984 3307 1053 3356 illam
1075 3308 1108 3356 ud
1126 3307 1184 3358 litua
1203 3307 1279 3356 mama

94 3376 186 3425 docent
203 3391 242 3425 vs.
259 3371 294 3424 43
311 3383 337 3426 et
354 3369 396 3436 83,
420 3373 529 3425 fortusse
547 3377 603 3426 dum
622 3391 704 3426 remos
724 3390 756 3424 er
774 3375 839 3426 silva
857 3382 956 3441 petunt,
974 3372 1005 3424 ef.
1023 3391 1062 3425 vs.
1079 3371 1114 3425 80
1131 3390 1169 3439 aq.
1204 3374 1280 3438 Atqui

95 3443 227 3493 Lavinium
244 3444 334 3493 aberat
351 3442 564 3507 aliquantuluma
586 3445 663 3502 mnri;
688 3459 773 3508 nempe
795 3445 843 3494 Hic
866 3449 914 3506 (vs.
931 3439 976 3504 46)
1001 3460 1049 3493 non
1071 3449 1112 3494 est
1133 3442 1281 3505 urgendum,

94 3512 141 3562 sed
164 3512 253 3562 latiore
277 3527 351 3562 sensu
375 3511 552 3576 accipiendum:
577 3513 605 3562 in
628 3514 694 3562 ista
718 3513 871 3576 regione!
906 3508 948 3561 47.
972 3511 1016 3560 Ere
1037 3525 1087 3577 quo
1112 3510 1203 3575 (loeo)
1222 3526 1280 3576 pro-

94 3579 185 3630 iectus.
234 3575 276 3630 48.
296 3581 457 3644 cognominis
476 3581 508 3630 ab
527 3581 603 3630 alba
621 3597 666 3631 sue
683 3580 772 3646 ducti!
808 3576 850 3630 52.
867 3581 956 3645 signa,
974 3580 1035 3640 eius,
1053 3579 1174 3641 Euandri,
1191 3577 1222 3629 ο1.
1241 3595 1279 3630 vs.

93 3646 154 3713 601
207 3645 232 3697 3.
249 3651 332 3710 iana,
351 3648 374 3697 in
393 3655 487 3712 monte,
511 3650 552 3712 qui
571 3650 699 3713 aliquanto
722 3655 780 3715 post
802 3649 883 3721 dietus
907 3653 946 3698 eat
963 3647 1105 3706 Palatinum
1130 3645 1161 3697 ei.
1179 3648 1235 3697 liv.
1255 3646 1280 3710 1,

95 3713 136 3784 5.Ι
170 3714 212 3767 et.
230 3733 256 3766 v.
268 3715 294 3780 6,
306 3713 365 3768 901.
379 3715 433 3766 Liv.
447 3713 532 3780 21,31
549 3717 672 3780 „Postero
684 3718 724 3768 die
737 3715 863 3782 profectus
881 3716 1022 3766 adversa
1040 3718 1115 3781 ripa
1129 3714 1281 3768 Rhodam·

89 3785 277 3836 ,mediterranea
297 3783 396 3836 Galliae
414 3779 515 3852 petit.“}
548 3783 589 3836 50.
608 3801 633 3836 ν.
657 3785 687 3836 G.
711 3782 736 3846 3,
759 3782 832 3849 1301
868 3783 910 3836 60.
928 3788 1015 3835 minas
1033 3785 1101 3847 eius,
1122 3801 1148 3835 v.
1165 3801 1204 3836 vs.
1222 3780 1281 3853 aa!

94 3852 138 3904 62.
157 3860 186 3904 ut
204 3853 304 3904 Terent.
322 3854 401 3904 Andr.
419 3851 444 3918 5,
462 3853 520 3917 6,1
547 3855 617 3918 „Ego
636 3870 702 3916 auru,
722 3851 901 3920 Pamphilua.“l
938 3849 979 3902 65.
1000 3853 1059 3917 Hie,
1082 3869 1159 3920 prope
1181 3855 1281 3915 ostium,

93 3923 185 3973 domus
203 3929 243 3973 est
259 3937 314 3973 mea
332 3926 454 3986 (antrum,
473 3923 496 3972 in
515 3939 563 3988 quo
582 3923 678 3974 habitet
696 3922 773 3984 Tin),
789 3925 879 3988 caput,
902 3921 957 3972 lons
974 3937 1044 3972 meus
1063 3920 1098 3985 (v.
1117 3921 1148 3972 G.
1165 3920 1192 3984 4,
1208 3919 1281 3984 319),
1299 3938 1302 3942 ·

93 3998 135 4042 est
146 3992 172 4040 in
181 3991 291 4054 Etruria,
309 4007 341 4042 ex
360 4007 408 4055 quo
426 3997 508 4044 ortum
527 3995 615 4042 flumen
634 4007 713 4044 meum
725 3991 814 4053 celsas,
831 3991 857 4040 in
870 3991 974 4040 collibus
986 3991 1058 4053 sitas,
1076 3992 1152 4043 urbes
1163 3991 1282 4040 Etruriae

94 4059 298 4127 praeterlabitur.
335 4060 404 4110 liano
421 4061 648 4126 interpretationem
667 4061 821 4112 commendat
838 4074 875 4109 vs.
895 4057 929 4110 75
937 4074 975 4123 sq.
1010 4059 1070 4122 Alii,
1085 4066 1208 4110 eommnte
1226 4064 1282 4125 poet

94 4129 207 4180 urbibus
233 4129 328 4194 posito,
355 4129 475 4180 demum
501 4130 642 4194 intelligunt
667 4125 794 4195 Burnum}
837 4125 879 4178 68.
906 4133 1037 4194 precantes
1064 4129 1282 4190 sacrificantesque

92 4198 217 4248 orientem
232 4197 395 4264 spectabant,
417 4196 448 4246 el.
467 4195 509 4261 12,
528 4195 601 4264 reat
635 4195 677 4248 69.
700 4198 741 4248 Ex
762 4199 800 4248 his
823 4197 908 4248 verbis
927 4203 1032 4263 apparet
1055 4212 1122 4259 eum,
1143 4196 1186 4262 qui
1207 4195 1282 4244 deum

93 4265 202 4318 herinis
220 4265 324 4318 adonius
342 4267 485 4329 invocaret,
508 4268 623 4318 hmstam
644 4283 677 4317 ex
700 4283 729 4318 eo
753 4267 852 4317 humine
869 4281 975 4331 aquarn,
997 4266 1055 4315 dum
1073 4280 1160 4332 preces
1179 4262 1281 4323 laceret,

95 4335 200 4386 sublata
208 4349 284 4388 menn
293 4335 417 4398 tenuisse3
430 4342 455 4386 et
464 4335 536 4399 iunge
547 4335 648 4388 uadum
659 4329 832 4403 defloruere}
857 4333 898 4388 70.
907 4335 958 4386 Alii
966 4333 1079 4386 Sustulit
1087 4328 1280 4400 predestinati
