<?xml version="1.0" encoding="UTF-8"?>
<!DOCTYPE html PUBLIC "-//W3C//DTD XHTML 1.0 Transitional//EN"
    "http://www.w3.org/TR/xhtml1/DTD/xhtml1-transitional.dtd">
<html xmlns="http://www.w3.org/1999/xhtml" xml:lang="en" lang="en">
 <head>
  <title>
</title>
<meta http-equiv="Content-Type" content="text/html;charset=utf-8" />
  <meta name='ocr-system' content='tesseract 3.04.00' />
  <meta name='ocr-capabilities' content='ocr_page ocr_carea ocr_par ocr_line ocrx_word'/>
</head>
<body>
  <div class='ocr_page' id='page_1' title='image "./carminabreviter00virggoog_0009.png"; bbox 0 0 2942 4975; ppageno 0'>
   <div class='ocr_carea' id='block_1_1' title="bbox 111 546 1392 3734">
    <p class='ocr_par' dir='ltr' id='par_1_1' title="bbox 201 546 1391 1107">
     <span class='ocr_line' id='line_1_1' title="bbox 205 546 1391 632; baseline 0.002 -19"><span class='ocrx_word' id='word_1_1' title='bbox 205 566 279 613; x_wconf 92' lang='lat' dir='ltr'>eum</span> <span class='ocrx_word' id='word_1_2' title='bbox 300 546 431 629; x_wconf 89' lang='lat' dir='ltr'>indigne</span> <span class='ocrx_word' id='word_1_3' title='bbox 452 546 499 612; x_wconf 90' lang='lat' dir='ltr'>lat</span> <span class='ocrx_word' id='word_1_4' title='bbox 485 551 592 611; x_wconf 93' lang='lat' dir='ltr'>turum</span> <span class='ocrx_word' id='word_1_5' title='bbox 616 564 686 611; x_wconf 92' lang='lat' dir='ltr'>cum</span> <span class='ocrx_word' id='word_1_6' title='bbox 710 546 788 611; x_wconf 87' lang='lat' dir='ltr'>alias</span> <span class='ocrx_word' id='word_1_7' title='bbox 816 546 856 611; x_wconf 92' lang='lat' dir='ltr'>ob</span> <span class='ocrx_word' id='word_1_8' title='bbox 885 562 996 613; x_wconf 83' lang='lat' dir='ltr'><strong>causas</strong></span> <span class='ocrx_word' id='word_1_9' title='bbox 1025 546 1207 628; x_wconf 90' lang='lat' dir='ltr'>confido,t</span> <span class='ocrx_word' id='word_1_10' title='bbox 1192 552 1261 613; x_wconf 92' lang='lat' dir='ltr'>tum</span> <span class='ocrx_word' id='word_1_11' title='bbox 1291 552 1391 632; x_wconf 88' lang='lat' dir='ltr'>quod,</span> 
     </span>
     <span class='ocr_line' id='line_1_2' title="bbox 206 664 1391 749; baseline 0.003 -17"><span class='ocrx_word' id='word_1_12' title='bbox 206 684 289 749; x_wconf 88' lang='lat' dir='ltr'>quae</span> <span class='ocrx_word' id='word_1_13' title='bbox 310 685 383 732; x_wconf 91' lang='lat' dir='ltr'>mea</span> <span class='ocrx_word' id='word_1_14' title='bbox 406 670 512 745; x_wconf 89' lang='lat' dir='ltr'>erant,</span> <span class='ocrx_word' id='word_1_15' title='bbox 534 666 561 733; x_wconf 91' lang='lat' dir='ltr'>si</span> <span class='ocrx_word' id='word_1_16' title='bbox 582 665 644 748; x_wconf 90' lang='lat' dir='ltr'>ipsi</span> <span class='ocrx_word' id='word_1_17' title='bbox 666 664 840 748; x_wconf 79' lang='lat' dir='ltr'>probarent</span> <span class='ocrx_word' id='word_1_18' title='bbox 841 684 893 745; x_wconf 90' lang='lat' dir='ltr'>ur,</span> <span class='ocrx_word' id='word_1_19' title='bbox 914 665 948 729; x_wconf 94' lang='lat' dir='ltr'>in</span> <span class='ocrx_word' id='word_1_20' title='bbox 971 682 1061 731; x_wconf 89' lang='lat' dir='ltr'>suam</span> <span class='ocrx_word' id='word_1_21' title='bbox 1084 665 1160 732; x_wconf 92' lang='lat' dir='ltr'>edit</span> <span class='ocrx_word' id='word_1_22' title='bbox 1136 671 1257 733; x_wconf 85' lang='lat' dir='ltr'>tronem</span> <span class='ocrx_word' id='word_1_23' title='bbox 1280 673 1391 736; x_wconf 87' lang='lat' dir='ltr'>t-rans</span> 
     </span>
     <span class='ocr_line' id='line_1_3' title="bbox 206 784 1389 870; baseline 0.002 -18.026"><span class='ocrx_word' id='word_1_24' title='bbox 206 786 295 865; x_wconf 90' lang='lat' dir='ltr'>tulit,</span> <span class='ocrx_word' id='word_1_25' title='bbox 268 790 483 868; x_wconf 90' lang='lat' dir='ltr'>tsperoque</span> <span class='ocrx_word' id='word_1_26' title='bbox 512 785 608 851; x_wconf 89' lang='lat' dir='ltr'>etiam</span> <span class='ocrx_word' id='word_1_27' title='bbox 627 784 670 849; x_wconf 93' lang='lat' dir='ltr'>in</span> <span class='ocrx_word' id='word_1_28' title='bbox 697 784 758 849; x_wconf 91' lang='lat' dir='ltr'>hac</span> <span class='ocrx_word' id='word_1_29' title='bbox 786 801 858 849; x_wconf 92' lang='lat' dir='ltr'>mea</span> <span class='ocrx_word' id='word_1_30' title='bbox 886 784 984 850; x_wconf 91' lang='lat' dir='ltr'>tertia</span> <span class='ocrx_word' id='word_1_31' title='bbox 1007 785 1148 852; x_wconf 87' lang='lat' dir='ltr'>editione</span> <span class='ocrx_word' id='word_1_32' title='bbox 1168 786 1389 870; x_wconf 83' lang='lat' dir='ltr'>inventurum,</span> 
     </span>
     <span class='ocr_line' id='line_1_4' title="bbox 206 903 1390 987; baseline 0.003 -18"><span class='ocrx_word' id='word_1_33' title='bbox 206 904 321 987; x_wconf 89' lang='lat' dir='ltr'>quibus</span> <span class='ocrx_word' id='word_1_34' title='bbox 350 904 401 970; x_wconf 89' lang='lat' dir='ltr'>vel</span> <span class='ocrx_word' id='word_1_35' title='bbox 435 904 475 970; x_wconf 89' lang='lat' dir='ltr'>ad</span> <span class='ocrx_word' id='word_1_36' title='bbox 509 903 741 969; x_wconf 82' lang='lat' dir='ltr'>emendandam</span> <span class='ocrx_word' id='word_1_37' title='bbox 768 903 821 968; x_wconf 86' lang='lat' dir='ltr'>vel</span> <span class='ocrx_word' id='word_1_38' title='bbox 853 903 894 969; x_wconf 92' lang='lat' dir='ltr'>ad</span> <span class='ocrx_word' id='word_1_39' title='bbox 926 903 1185 986; x_wconf 81' lang='lat' dir='ltr'>locupletandam</span> <span class='ocrx_word' id='word_1_40' title='bbox 1217 924 1306 973; x_wconf 90' lang='lat' dir='ltr'>suam</span> <span class='ocrx_word' id='word_1_41' title='bbox 1337 909 1390 973; x_wconf 85' lang='lat' dir='ltr'>uti</span> 
     </span>
     <span class='ocr_line' id='line_1_5' title="bbox 201 1001 1354 1107; baseline 0 -18"><span class='ocrx_word' id='word_1_42' title='bbox 201 1023 313 1107; x_wconf 89' lang='lat' dir='ltr'>possit.</span> <span class='ocrx_word' id='word_1_43' title='bbox 935 1027 939 1037; x_wconf 84' lang='grc'><strong>“</strong></span> <span class='ocrx_word' id='word_1_44' title='bbox 1350 1001 1354 1007; x_wconf 42' lang='grc'><strong>”</strong></span> 
     </span>
    </p>

    <p class='ocr_par' dir='ltr' id='par_1_2' title="bbox 111 1140 1392 2896">
     <span class='ocr_line' id='line_1_6' title="bbox 289 1140 1388 1232; baseline 0.004 -25"><span class='ocrx_word' id='word_1_45' title='bbox 289 1142 407 1207; x_wconf 91' lang='lat' dir='ltr'>Parum</span> <span class='ocrx_word' id='word_1_46' title='bbox 440 1140 516 1232; x_wconf 60' lang='lat' dir='ltr'>midi</span> <span class='ocrx_word' id='word_1_47' title='bbox 550 1142 753 1227; x_wconf 72' lang='lat' dir='ltr'>temporius</span> <span class='ocrx_word' id='word_1_48' title='bbox 781 1140 956 1208; x_wconf 82' lang='lat' dir='ltr'>festinante</span> <span class='ocrx_word' id='word_1_49' title='bbox 988 1144 1188 1225; x_wconf 85' lang='lat' dir='ltr'>typographo</span> <span class='ocrx_word' id='word_1_50' title='bbox 1221 1144 1316 1210; x_wconf 90' lang='lat' dir='ltr'>datur</span> <span class='ocrx_word' id='word_1_51' title='bbox 1344 1147 1388 1211; x_wconf 92' lang='lat' dir='ltr'>ad</span> 
     </span>
     <span class='ocr_line' id='line_1_7' title="bbox 205 1236 1391 1345; baseline 0.003 -18"><span class='ocrx_word' id='word_1_52' title='bbox 205 1261 414 1345; x_wconf 86' lang='lat' dir='ltr'>praefandum</span> <span class='ocrx_word' id='word_1_53' title='bbox 447 1279 507 1327; x_wconf 91' lang='lat' dir='ltr'>nec</span> <span class='ocrx_word' id='word_1_54' title='bbox 535 1261 635 1341; x_wconf 90' lang='lat' dir='ltr'>otium</span> <span class='ocrx_word' id='word_1_55' title='bbox 667 1236 860 1342; x_wconf 82' lang='lat' dir='ltr'>relinquitur</span> <span class='ocrx_word' id='word_1_56' title='bbox 889 1260 930 1326; x_wconf 91' lang='lat' dir='ltr'>ad</span> <span class='ocrx_word' id='word_1_57' title='bbox 957 1258 1140 1327; x_wconf 88' lang='lat' dir='ltr'>habendum</span> <span class='ocrx_word' id='word_1_58' title='bbox 1170 1264 1280 1328; x_wconf 92' lang='lat' dir='ltr'>multis</span> <span class='ocrx_word' id='word_1_59' title='bbox 1308 1265 1391 1331; x_wconf 87' lang='lat' dir='ltr'>viris</span> 
     </span>
     <span class='ocr_line' id='line_1_8' title="bbox 205 1376 1391 1465; baseline 0.003 -18"><span class='ocrx_word' id='word_1_60' title='bbox 205 1380 396 1447; x_wconf 85' lang='lat' dir='ltr'>doctissimis</span> <span class='ocrx_word' id='word_1_61' title='bbox 423 1380 574 1451; x_wconf 87' lang='lat' dir='ltr'>meritum</span> <span class='ocrx_word' id='word_1_62' title='bbox 602 1381 770 1459; x_wconf 84' lang='lat' dir='ltr'>honorem,</span> <span class='ocrx_word' id='word_1_63' title='bbox 798 1380 913 1462; x_wconf 87' lang='lat' dir='ltr'>quiin</span> <span class='ocrx_word' id='word_1_64' title='bbox 942 1381 1075 1463; x_wconf 61' lang='lat' dir='ltr'>unguis</span> <span class='ocrx_word' id='word_1_65' title='bbox 1096 1382 1193 1449; x_wconf 87' lang='lat' dir='ltr'>rebus</span> <span class='ocrx_word' id='word_1_66' title='bbox 1215 1376 1391 1465; x_wconf 77' lang='lat' dir='ltr'>verbisipue</span> 
     </span>
     <span class='ocr_line' id='line_1_9' title="bbox 206 1498 1388 1585; baseline 0.002 -19"><span class='ocrx_word' id='word_1_67' title='bbox 206 1500 410 1567; x_wconf 82' lang='lat' dir='ltr'>enucleandis</span> <span class='ocrx_word' id='word_1_68' title='bbox 432 1498 571 1565; x_wconf 84' lang='lat' dir='ltr'>feliciter</span> <span class='ocrx_word' id='word_1_69' title='bbox 594 1500 846 1565; x_wconf 88' lang='lat' dir='ltr'>elaboraverunt.</span> <span class='ocrx_word' id='word_1_70' title='bbox 879 1500 994 1582; x_wconf 85' lang='lat' dir='ltr'>Itaque</span> <span class='ocrx_word' id='word_1_71' title='bbox 1017 1500 1122 1567; x_wconf 91' lang='lat' dir='ltr'>ethis</span> <span class='ocrx_word' id='word_1_72' title='bbox 1144 1502 1290 1568; x_wconf 90' lang='lat' dir='ltr'>omnibus</span> <span class='ocrx_word' id='word_1_73' title='bbox 1312 1521 1388 1585; x_wconf 90' lang='lat' dir='ltr'>gra-</span> 
     </span>
     <span class='ocr_line' id='line_1_10' title="bbox 205 1596 1388 1702; baseline 0.002 -17"><span class='ocrx_word' id='word_1_74' title='bbox 205 1620 266 1686; x_wconf 89' lang='lat' dir='ltr'>tias</span> <span class='ocrx_word' id='word_1_75' title='bbox 289 1596 349 1702; x_wconf 88' lang='lat' dir='ltr'>ago</span> <span class='ocrx_word' id='word_1_76' title='bbox 373 1619 510 1699; x_wconf 91' lang='lat' dir='ltr'>debitas,</span> <span class='ocrx_word' id='word_1_77' title='bbox 533 1623 567 1684; x_wconf 91' lang='lat' dir='ltr'>et</span> <span class='ocrx_word' id='word_1_78' title='bbox 587 1618 788 1701; x_wconf 92' lang='lat' dir='ltr'>potissimum</span> <span class='ocrx_word' id='word_1_79' title='bbox 810 1619 863 1699; x_wconf 82' lang='lat' dir='ltr'>iia,</span> <span class='ocrx_word' id='word_1_80' title='bbox 893 1619 960 1701; x_wconf 89' lang='lat' dir='ltr'>qui,</span> <span class='ocrx_word' id='word_1_81' title='bbox 988 1638 1072 1701; x_wconf 90' lang='lat' dir='ltr'>quae</span> <span class='ocrx_word' id='word_1_82' title='bbox 1095 1620 1279 1701; x_wconf 91' lang='lat' dir='ltr'>ediderunt,</span> <span class='ocrx_word' id='word_1_83' title='bbox 1306 1622 1388 1687; x_wconf 91' lang='lat' dir='ltr'>mihi</span> 
     </span>
     <span class='ocr_line' id='line_1_11' title="bbox 203 1736 1389 1822; baseline 0.003 -18"><span class='ocrx_word' id='word_1_84' title='bbox 203 1738 334 1805; x_wconf 86' lang='lat' dir='ltr'>mittere</span> <span class='ocrx_word' id='word_1_85' title='bbox 355 1738 494 1819; x_wconf 88' lang='lat' dir='ltr'>benigne</span> <span class='ocrx_word' id='word_1_86' title='bbox 516 1738 695 1816; x_wconf 81' lang='lat' dir='ltr'>voluerunt,</span> <span class='ocrx_word' id='word_1_87' title='bbox 718 1736 751 1803; x_wconf 85' lang='lat' dir='ltr'>C.</span> <span class='ocrx_word' id='word_1_88' title='bbox 773 1738 813 1803; x_wconf 90' lang='grc' dir='ltr'>Η.</span> <span class='ocrx_word' id='word_1_89' title='bbox 835 1738 1041 1818; x_wconf 81' lang='grc' dir='ltr'>Μιιιιιιιο,</span> <span class='ocrx_word' id='word_1_90' title='bbox 1063 1739 1159 1804; x_wconf 89' lang='lat' dir='ltr'>Laur.</span> <span class='ocrx_word' id='word_1_91' title='bbox 1179 1740 1389 1822; x_wconf 90' lang='lat' dir='ltr'>Lerschio,</span> 
     </span>
     <span class='ocr_line' id='line_1_12' title="bbox 202 1856 1392 1944; baseline 0.002 -20"><span class='ocrx_word' id='word_1_92' title='bbox 202 1858 248 1925; x_wconf 89' lang='lat' dir='ltr'>Io.</span> <span class='ocrx_word' id='word_1_93' title='bbox 280 1856 614 1939; x_wconf 87' lang='lat' dir='ltr'>Freudenbergio‚</span> <span class='ocrx_word' id='word_1_94' title='bbox 651 1857 695 1921; x_wconf 90' lang='lat'>10.</span> <span class='ocrx_word' id='word_1_95' title='bbox 730 1856 958 1938; x_wconf 85' lang='lat' dir='ltr'>Siebelisio,</span> <span class='ocrx_word' id='word_1_96' title='bbox 995 1858 1115 1923; x_wconf 88' lang='lat' dir='ltr'>Theod.</span> <span class='ocrx_word' id='word_1_97' title='bbox 1146 1860 1392 1944; x_wconf 85' lang='lat' dir='ltr'>Ladeuigio,</span> 
     </span>
     <span class='ocr_line' id='line_1_13' title="bbox 201 1975 1388 2057; baseline 0 -12"><span class='ocrx_word' id='word_1_98' title='bbox 201 1978 235 2045; x_wconf 79' lang='lat'>0.</span> <span class='ocrx_word' id='word_1_99' title='bbox 257 1978 308 2043; x_wconf 86' lang='lat' dir='ltr'>Fr.</span> <span class='ocrx_word' id='word_1_100' title='bbox 330 1975 518 2057; x_wconf 82' lang='lat' dir='ltr'>Ameisio,</span> <span class='ocrx_word' id='word_1_101' title='bbox 547 1976 602 2057; x_wconf 91' lang='lat' dir='ltr'>qui</span> <span class='ocrx_word' id='word_1_102' title='bbox 630 1980 664 2042; x_wconf 90' lang='lat' dir='ltr'>et</span> <span class='ocrx_word' id='word_1_103' title='bbox 692 1975 726 2040; x_wconf 94' lang='lat' dir='ltr'>in</span> <span class='ocrx_word' id='word_1_104' title='bbox 754 1995 890 2043; x_wconf 89' lang='lat' dir='ltr'>censura</span> <span class='ocrx_word' id='word_1_105' title='bbox 917 1978 1077 2043; x_wconf 86' lang='lat' dir='ltr'>secundae</span> <span class='ocrx_word' id='word_1_106' title='bbox 1104 1978 1253 2045; x_wconf 85' lang='lat' dir='ltr'>editionis</span> <span class='ocrx_word' id='word_1_107' title='bbox 1280 1979 1388 2045; x_wconf 88' lang='lat' dir='ltr'>Iahuii</span> 
     </span>
     <span class='ocr_line' id='line_1_14' title="bbox 200 2095 1386 2165; baseline -0.002 0"><span class='ocrx_word' id='word_1_108' title='bbox 200 2096 378 2165; x_wconf 80' lang='lat' dir='ltr'>Annalibus</span> <span class='ocrx_word' id='word_1_109' title='bbox 401 2096 523 2161; x_wconf 87' lang='lat' dir='ltr'>inserta</span> <span class='ocrx_word' id='word_1_110' title='bbox 546 2097 579 2160; x_wconf 89' lang='lat' dir='ltr'>et</span> <span class='ocrx_word' id='word_1_111' title='bbox 599 2095 633 2159; x_wconf 94' lang='lat' dir='ltr'>in</span> <span class='ocrx_word' id='word_1_112' title='bbox 656 2096 925 2163; x_wconf 81' lang='lat' dir='ltr'>commentatione</span> <span class='ocrx_word' id='word_1_113' title='bbox 946 2096 1137 2163; x_wconf 87' lang='lat' dir='ltr'>scholastica</span> <span class='ocrx_word' id='word_1_114' title='bbox 1158 2115 1207 2163; x_wconf 87' lang='lat' dir='ltr'>ao.</span> <span class='ocrx_word' id='word_1_115' title='bbox 1230 2098 1311 2163; x_wconf 78' lang='lat'>1851</span> <span class='ocrx_word' id='word_1_116' title='bbox 1334 2098 1386 2163; x_wconf 90' lang='lat' dir='ltr'>ed</span> 
     </span>
     <span class='ocr_line' id='line_1_15' title="bbox 200 2214 1386 2309; baseline 0 -27"><span class='ocrx_word' id='word_1_117' title='bbox 200 2217 304 2283; x_wconf 91' lang='lat' dir='ltr'>multa</span> <span class='ocrx_word' id='word_1_118' title='bbox 326 2215 455 2299; x_wconf 88' lang='lat' dir='ltr'>egregie</span> <span class='ocrx_word' id='word_1_119' title='bbox 478 2214 642 2295; x_wconf 85' lang='lat' dir='ltr'>disseruit,</span> <span class='ocrx_word' id='word_1_120' title='bbox 671 2219 740 2281; x_wconf 91' lang='lat' dir='ltr'>tum</span> <span class='ocrx_word' id='word_1_121' title='bbox 761 2215 798 2281; x_wconf 75' lang='lat' dir='ltr'>A.</span> <span class='ocrx_word' id='word_1_122' title='bbox 821 2216 1157 2309; x_wconf 87' lang='lat' dir='ltr'>Haeckermanno,</span> <span class='ocrx_word' id='word_1_123' title='bbox 1186 2217 1325 2298; x_wconf 87' lang='lat' dir='ltr'>denique</span> <span class='ocrx_word' id='word_1_124' title='bbox 1346 2218 1386 2282; x_wconf 77' lang='lat' dir='ltr'>u</span> 
     </span>
     <span class='ocr_line' id='line_1_16' title="bbox 198 2330 1388 2421; baseline 0 -18"><span class='ocrx_word' id='word_1_125' title='bbox 198 2335 423 2416; x_wconf 89' lang='lat' dir='ltr'>Dietschio,</span> <span class='ocrx_word' id='word_1_126' title='bbox 447 2335 535 2400; x_wconf 89' lang='lat' dir='ltr'>cuius</span> <span class='ocrx_word' id='word_1_127' title='bbox 563 2330 813 2421; x_wconf 72' lang='lat' dir='ltr'>Tleodrqomeaa</span> <span class='ocrx_word' id='word_1_128' title='bbox 832 2332 1017 2421; x_wconf 68' lang='lat' dir='ltr'>vap-unca</span> <span class='ocrx_word' id='word_1_129' title='bbox 1038 2337 1148 2402; x_wconf 89' lang='lat' dir='ltr'>lumen</span> <span class='ocrx_word' id='word_1_130' title='bbox 1169 2335 1388 2403; x_wconf 85' lang='lat' dir='ltr'>adhibuerunt</span> 
     </span>
     <span class='ocr_line' id='line_1_17' title="bbox 111 2452 1387 2538; baseline -0.002 -14"><span class='ocrx_word' id='word_1_131' title='bbox 111 2493 114 2502; x_wconf 88' lang='lat'>·</span> <span class='ocrx_word' id='word_1_132' title='bbox 200 2456 297 2525; x_wconf 89' lang='lat' dir='ltr'>rebus</span> <span class='ocrx_word' id='word_1_133' title='bbox 321 2454 563 2523; x_wconf 85' lang='lat' dir='ltr'>obscurissimis.</span> <span class='ocrx_word' id='word_1_134' title='bbox 607 2452 758 2521; x_wconf 85' lang='lat' dir='ltr'>Ceterum</span> <span class='ocrx_word' id='word_1_135' title='bbox 787 2454 815 2520; x_wconf 91' lang='lat' dir='ltr'>si</span> <span class='ocrx_word' id='word_1_136' title='bbox 843 2455 920 2538; x_wconf 88' lang='lat' dir='ltr'>quid</span> <span class='ocrx_word' id='word_1_137' title='bbox 946 2456 1158 2538; x_wconf 87' lang='lat' dir='ltr'>praeteritum</span> <span class='ocrx_word' id='word_1_138' title='bbox 1186 2454 1294 2522; x_wconf 92' lang='lat' dir='ltr'>estin</span> <span class='ocrx_word' id='word_1_139' title='bbox 1323 2454 1387 2522; x_wconf 86' lang='lat' dir='ltr'>hac</span> 
     </span>
     <span class='ocr_line' id='line_1_18' title="bbox 202 2574 1386 2658; baseline 0.001 -17"><span class='ocrx_word' id='word_1_140' title='bbox 202 2576 343 2642; x_wconf 87' lang='lat' dir='ltr'>editione</span> <span class='ocrx_word' id='word_1_141' title='bbox 378 2576 542 2642; x_wconf 93' lang='lat' dir='ltr'>commode</span> <span class='ocrx_word' id='word_1_142' title='bbox 576 2575 616 2640; x_wconf 90' lang='lat' dir='ltr'>ab</span> <span class='ocrx_word' id='word_1_143' title='bbox 650 2575 720 2640; x_wconf 87' lang='lat' dir='ltr'>aliis</span> <span class='ocrx_word' id='word_1_144' title='bbox 754 2575 964 2658; x_wconf 82' lang='lat' dir='ltr'>disputatum,</span> <span class='ocrx_word' id='word_1_145' title='bbox 996 2575 1095 2640; x_wconf 89' lang='lat' dir='ltr'>nolim</span> <span class='ocrx_word' id='word_1_146' title='bbox 1128 2576 1162 2641; x_wconf 89' lang='lat' dir='ltr'>id</span> <span class='ocrx_word' id='word_1_147' title='bbox 1193 2575 1272 2640; x_wconf 85' lang='lat' dir='ltr'>milri</span> <span class='ocrx_word' id='word_1_148' title='bbox 1304 2574 1386 2642; x_wconf 88' lang='lat' dir='ltr'>vitio</span> 
     </span>
     <span class='ocr_line' id='line_1_19' title="bbox 200 2692 1387 2778; baseline 0 -18"><span class='ocrx_word' id='word_1_149' title='bbox 200 2695 299 2775; x_wconf 84' lang='lat' dir='ltr'>verti3</span> <span class='ocrx_word' id='word_1_150' title='bbox 322 2699 398 2759; x_wconf 84' lang='lat' dir='ltr'>sunt</span> <span class='ocrx_word' id='word_1_151' title='bbox 427 2693 511 2759; x_wconf 89' lang='lat' dir='ltr'>enirn</span> <span class='ocrx_word' id='word_1_152' title='bbox 541 2693 687 2760; x_wconf 91' lang='lat' dir='ltr'>nonnulli</span> <span class='ocrx_word' id='word_1_153' title='bbox 712 2713 750 2759; x_wconf 84' lang='lat' dir='ltr'>ex</span> <span class='ocrx_word' id='word_1_154' title='bbox 772 2694 833 2760; x_wconf 92' lang='lat' dir='ltr'>hoc</span> <span class='ocrx_word' id='word_1_155' title='bbox 856 2711 974 2778; x_wconf 82' lang='lat' dir='ltr'>genere</span> <span class='ocrx_word' id='word_1_156' title='bbox 996 2692 1110 2774; x_wconf 88' lang='lat' dir='ltr'>libelli,</span> <span class='ocrx_word' id='word_1_157' title='bbox 1138 2711 1219 2776; x_wconf 88' lang='lat' dir='ltr'>quos</span> <span class='ocrx_word' id='word_1_158' title='bbox 1242 2694 1387 2760; x_wconf 86' lang='lat' dir='ltr'>nancisci</span> 
     </span>
     <span class='ocr_line' id='line_1_20' title="bbox 199 2813 386 2896; baseline -0.016 -15"><span class='ocrx_word' id='word_1_159' title='bbox 199 2831 264 2881; x_wconf 90' lang='lat' dir='ltr'>non</span> <span class='ocrx_word' id='word_1_160' title='bbox 286 2813 386 2896; x_wconf 89' lang='lat' dir='ltr'>potui.</span> 
     </span>
    </p>

    <p class='ocr_par' dir='ltr' id='par_1_3' title="bbox 169 2931 1390 3734">
     <span class='ocr_line' id='line_1_21' title="bbox 285 2931 1388 3017; baseline 0.002 -19"><span class='ocrx_word' id='word_1_161' title='bbox 285 2931 399 3015; x_wconf 88' lang='lat' dir='ltr'>Neque</span> <span class='ocrx_word' id='word_1_162' title='bbox 428 2932 480 2998; x_wconf 90' lang='lat' dir='ltr'>hic</span> <span class='ocrx_word' id='word_1_163' title='bbox 511 2951 569 3002; x_wconf 89' lang='lat' dir='ltr'>sua</span> <span class='ocrx_word' id='word_1_164' title='bbox 597 2932 693 2999; x_wconf 91' lang='lat' dir='ltr'>laude</span> <span class='ocrx_word' id='word_1_165' title='bbox 724 2932 935 2999; x_wconf 86' lang='lat' dir='ltr'>defraudandi</span> <span class='ocrx_word' id='word_1_166' title='bbox 962 2938 1039 2999; x_wconf 88' lang='lat' dir='ltr'>suut</span> <span class='ocrx_word' id='word_1_167' title='bbox 1066 2933 1189 3017; x_wconf 83' lang='lat' dir='ltr'>physici</span> <span class='ocrx_word' id='word_1_168' title='bbox 1217 2933 1388 3000; x_wconf 86' lang='lat' dir='ltr'>clarissimi</span> 
     </span>
     <span class='ocr_line' id='line_1_22' title="bbox 200 3051 1390 3134; baseline -0.001 -15"><span class='ocrx_word' id='word_1_169' title='bbox 200 3053 240 3119; x_wconf 89' lang='grc' dir='ltr'>Η.</span> <span class='ocrx_word' id='word_1_170' title='bbox 272 3052 310 3118; x_wconf 76' lang='grc' dir='ltr'>(ι.</span> <span class='ocrx_word' id='word_1_171' title='bbox 338 3053 373 3118; x_wconf 86' lang='lat' dir='ltr'>L.</span> <span class='ocrx_word' id='word_1_172' title='bbox 401 3052 690 3132; x_wconf 86' lang='lat' dir='ltr'>Reichenbach‚</span> <span class='ocrx_word' id='word_1_173' title='bbox 722 3051 921 3133; x_wconf 89' lang='lat' dir='ltr'>Dresdanus,</span> <span class='ocrx_word' id='word_1_174' title='bbox 955 3071 1028 3120; x_wconf 89' lang='lat' dir='ltr'>cum</span> <span class='ocrx_word' id='word_1_175' title='bbox 1061 3053 1275 3120; x_wconf 87' lang='lat' dir='ltr'>eruditissimo</span> <span class='ocrx_word' id='word_1_176' title='bbox 1308 3051 1390 3134; x_wconf 86' lang='lat' dir='ltr'>lilio,</span> 
     </span>
     <span class='ocr_line' id='line_1_23' title="bbox 201 3143 1388 3255; baseline 0.002 -19"><span class='ocrx_word' id='word_1_177' title='bbox 201 3170 383 3255; x_wconf 83' lang='lat' dir='ltr'>professore</span> <span class='ocrx_word' id='word_1_178' title='bbox 405 3171 572 3254; x_wconf 77' lang='lat' dir='ltr'>lipsiensi,</span> <span class='ocrx_word' id='word_1_179' title='bbox 595 3176 629 3237; x_wconf 91' lang='lat' dir='ltr'>et</span> <span class='ocrx_word' id='word_1_180' title='bbox 652 3171 690 3238; x_wconf 82' lang='lat' dir='ltr'>G.</span> <span class='ocrx_word' id='word_1_181' title='bbox 712 3172 747 3238; x_wconf 82' lang='lat' dir='ltr'>F.</span> <span class='ocrx_word' id='word_1_182' title='bbox 768 3172 809 3241; x_wconf 88' lang='grc' dir='ltr'>Η.</span> <span class='ocrx_word' id='word_1_183' title='bbox 831 3143 1177 3253; x_wconf 74' lang='grc' dir='ltr'>Κιιίιιιιιιιιιιιιιι,</span> <span class='ocrx_word' id='word_1_184' title='bbox 1198 3190 1284 3238; x_wconf 89' lang='lat' dir='ltr'>nunc</span> <span class='ocrx_word' id='word_1_185' title='bbox 1304 3171 1388 3238; x_wconf 91' lang='lat' dir='ltr'>item</span> 
     </span>
     <span class='ocr_line' id='line_1_24' title="bbox 201 3290 1390 3374; baseline 0.001 -17"><span class='ocrx_word' id='word_1_186' title='bbox 201 3291 401 3371; x_wconf 86' lang='lat' dir='ltr'>Dresdanus‚</span> <span class='ocrx_word' id='word_1_187' title='bbox 430 3291 485 3373; x_wconf 87' lang='lat' dir='ltr'>qui</span> <span class='ocrx_word' id='word_1_188' title='bbox 515 3309 592 3356; x_wconf 89' lang='lat' dir='ltr'>suae</span> <span class='ocrx_word' id='word_1_189' title='bbox 622 3290 788 3357; x_wconf 89' lang='lat' dir='ltr'>doctrinae</span> <span class='ocrx_word' id='word_1_190' title='bbox 817 3292 942 3374; x_wconf 88' lang='lat' dir='ltr'>copiam</span> <span class='ocrx_word' id='word_1_191' title='bbox 963 3292 1041 3357; x_wconf 85' lang='lat' dir='ltr'>milri</span> <span class='ocrx_word' id='word_1_192' title='bbox 1063 3291 1212 3359; x_wconf 88' lang='lat' dir='ltr'>feceruut</span> <span class='ocrx_word' id='word_1_193' title='bbox 1232 3291 1266 3356; x_wconf 93' lang='lat' dir='ltr'>in</span> <span class='ocrx_word' id='word_1_194' title='bbox 1287 3291 1390 3358; x_wconf 88' lang='lat' dir='ltr'>rebus</span> 
     </span>
     <span class='ocr_line' id='line_1_25' title="bbox 202 3409 996 3494; baseline 0.003 -19"><span class='ocrx_word' id='word_1_195' title='bbox 202 3409 392 3493; x_wconf 83' lang='lat' dir='ltr'>quibusdam</span> <span class='ocrx_word' id='word_1_196' title='bbox 415 3410 455 3475; x_wconf 90' lang='lat' dir='ltr'>ad</span> <span class='ocrx_word' id='word_1_197' title='bbox 476 3409 618 3492; x_wconf 88' lang='lat' dir='ltr'>ipsorum</span> <span class='ocrx_word' id='word_1_198' title='bbox 641 3415 745 3477; x_wconf 87' lang='lat' dir='ltr'>artem</span> <span class='ocrx_word' id='word_1_199' title='bbox 765 3411 996 3494; x_wconf 89' lang='lat' dir='ltr'>spectantibus.</span> 
     </span>
     <span class='ocr_line' id='line_1_26' title="bbox 169 3529 1389 3624; baseline 0.002 -28"><span class='ocrx_word' id='word_1_200' title='bbox 169 3615 173 3624; x_wconf 30' lang='grc' dir='ltr'>Ι</span> <span class='ocrx_word' id='word_1_201' title='bbox 286 3531 409 3609; x_wconf 85' lang='lat' dir='ltr'>Restat,</span> <span class='ocrx_word' id='word_1_202' title='bbox 432 3533 471 3594; x_wconf 88' lang='lat' dir='ltr'>ut</span> <span class='ocrx_word' id='word_1_203' title='bbox 490 3529 600 3612; x_wconf 86' lang='lat' dir='ltr'>paucis</span> <span class='ocrx_word' id='word_1_204' title='bbox 623 3547 879 3610; x_wconf 88' lang='lat' dir='ltr'>commemorem,</span> <span class='ocrx_word' id='word_1_205' title='bbox 901 3530 979 3613; x_wconf 85' lang='lat' dir='ltr'>quid</span> <span class='ocrx_word' id='word_1_206' title='bbox 992 3530 1183 3614; x_wconf 87' lang='lat' dir='ltr'>praestitum</span> <span class='ocrx_word' id='word_1_207' title='bbox 1205 3529 1248 3596; x_wconf 88' lang='lat' dir='ltr'>sit</span> <span class='ocrx_word' id='word_1_208' title='bbox 1268 3529 1303 3595; x_wconf 89' lang='lat' dir='ltr'>in</span> <span class='ocrx_word' id='word_1_209' title='bbox 1324 3530 1389 3598; x_wconf 88' lang='lat' dir='ltr'>hac</span> 
     </span>
     <span class='ocr_line' id='line_1_27' title="bbox 201 3649 1389 3734; baseline 0.001 -20"><span class='ocrx_word' id='word_1_210' title='bbox 201 3649 299 3714; x_wconf 88' lang='lat' dir='ltr'>tertia</span> <span class='ocrx_word' id='word_1_211' title='bbox 328 3649 484 3716; x_wconf 82' lang='lat' dir='ltr'>editione:</span> <span class='ocrx_word' id='word_1_212' title='bbox 524 3649 584 3728; x_wconf 86' lang='lat' dir='ltr'>Qui</span> <span class='ocrx_word' id='word_1_213' title='bbox 612 3649 664 3714; x_wconf 88' lang='lat' dir='ltr'>vel</span> <span class='ocrx_word' id='word_1_214' title='bbox 691 3667 788 3715; x_wconf 86' lang='lat' dir='ltr'>unam</span> <span class='ocrx_word' id='word_1_215' title='bbox 819 3649 1019 3733; x_wconf 87' lang='lat' dir='ltr'>alteramque</span> <span class='ocrx_word' id='word_1_216' title='bbox 1045 3649 1196 3734; x_wconf 85' lang='lat' dir='ltr'>paginam</span> <span class='ocrx_word' id='word_1_217' title='bbox 1225 3667 1389 3715; x_wconf 91' lang='lat' dir='ltr'>commen-</span> 
     </span>
    </p>
   </div>
   <div class='ocr_carea' id='block_1_2' title="bbox 201 3766 1442 3851">
    <p class='ocr_par' dir='ltr' id='par_1_4' title="bbox 201 3766 1442 3851">
     <span class='ocr_line' id='line_1_28' title="bbox 201 3766 1442 3851; baseline -0.001 -16"><span class='ocrx_word' id='word_1_218' title='bbox 201 3769 387 3835; x_wconf 78' lang='lat' dir='ltr'>lariorum</span> <span class='ocrx_word' id='word_1_219' title='bbox 378 3769 536 3851; x_wconf 90' lang='lat' dir='ltr'>mspicere</span> <span class='ocrx_word' id='word_1_220' title='bbox 558 3769 706 3850; x_wconf 81' lang='lat' dir='ltr'>voluerit,</span> <span class='ocrx_word' id='word_1_221' title='bbox 727 3768 823 3835; x_wconf 88' lang='lat' dir='ltr'>facile</span> <span class='ocrx_word' id='word_1_222' title='bbox 842 3770 1131 3836; x_wconf 85' lang='lat' dir='ltr'>animadvertetet</span> <span class='ocrx_word' id='word_1_223' title='bbox 1149 3766 1388 3834; x_wconf 87' lang='lat' dir='ltr'>emendatiores</span> <span class='ocrx_word' id='word_1_224' title='bbox 1438 3787 1442 3792; x_wconf 89' lang='lat'>·</span> 
     </span>
    </p>
   </div>
   <div class='ocr_carea' id='block_1_3' title="bbox 200 3887 1387 4091">
    <p class='ocr_par' dir='ltr' id='par_1_5' title="bbox 200 3887 1387 4091">
     <span class='ocr_line' id='line_1_29' title="bbox 200 3887 1387 3970; baseline 0 -17"><span class='ocrx_word' id='word_1_225' title='bbox 200 3888 302 3954; x_wconf 91' lang='lat' dir='ltr'>multo</span> <span class='ocrx_word' id='word_1_226' title='bbox 331 3905 417 3967; x_wconf 86' lang='lat' dir='ltr'>esse,</span> <span class='ocrx_word' id='word_1_227' title='bbox 445 3905 541 3970; x_wconf 81' lang='lat' dir='ltr'>quam</span> <span class='ocrx_word' id='word_1_228' title='bbox 569 3893 677 3968; x_wconf 88' lang='lat' dir='ltr'>antea,</span> <span class='ocrx_word' id='word_1_229' title='bbox 707 3892 743 3953; x_wconf 90' lang='lat' dir='ltr'>et</span> <span class='ocrx_word' id='word_1_230' title='bbox 769 3887 939 3954; x_wconf 88' lang='lat' dir='ltr'>auctiores</span> <span class='ocrx_word' id='word_1_231' title='bbox 981 3888 1054 3954; x_wconf 81' lang='lat' dir='ltr'>Etsi</span> <span class='ocrx_word' id='word_1_232' title='bbox 1074 3887 1227 3954; x_wconf 84' lang='grc' dir='ltr'>ιιιιιιιιιι</span> <span class='ocrx_word' id='word_1_233' title='bbox 1247 3887 1387 3953; x_wconf 69' lang='lat' dir='ltr'>mamma</span> 
     </span>
     <span class='ocr_line' id='line_1_30' title="bbox 201 4006 1384 4091; baseline 0 -19"><span class='ocrx_word' id='word_1_234' title='bbox 201 4007 396 4072; x_wconf 86' lang='lat' dir='ltr'>studendum</span> <span class='ocrx_word' id='word_1_235' title='bbox 412 4006 489 4072; x_wconf 92' lang='lat' dir='ltr'>mihi</span> <span class='ocrx_word' id='word_1_236' title='bbox 506 4023 701 4087; x_wconf 87' lang='lat' dir='ltr'>censueram,</span> <span class='ocrx_word' id='word_1_237' title='bbox 723 4013 832 4074; x_wconf 89' lang='lat' dir='ltr'>tamen</span> <span class='ocrx_word' id='word_1_238' title='bbox 851 4013 886 4073; x_wconf 93' lang='lat' dir='ltr'>et</span> <span class='ocrx_word' id='word_1_239' title='bbox 900 4008 1047 4091; x_wconf 82' lang='lat' dir='ltr'>exemplo</span> <span class='ocrx_word' id='word_1_240' title='bbox 1063 4011 1097 4072; x_wconf 90' lang='lat' dir='ltr'>et</span> <span class='ocrx_word' id='word_1_241' title='bbox 1110 4006 1235 4073; x_wconf 89' lang='lat' dir='ltr'>monitu</span> <span class='ocrx_word' id='word_1_242' title='bbox 1248 4006 1384 4072; x_wconf 83' lang='lat' dir='ltr'>aliorum</span> 
     </span>
    </p>
   </div>
   <div class='ocr_carea' id='block_1_4' title="bbox 201 4125 1466 4231">
    <p class='ocr_par' dir='ltr' id='par_1_6' title="bbox 201 4125 1466 4231">
     <span class='ocr_line' id='line_1_31' title="bbox 201 4125 1466 4231; baseline -0.002 -39"><span class='ocrx_word' id='word_1_243' title='bbox 201 4131 308 4192; x_wconf 82' lang='lat' dir='ltr'>motus</span> <span class='ocrx_word' id='word_1_244' title='bbox 330 4126 446 4205; x_wconf 89' lang='lat' dir='ltr'>multa,</span> <span class='ocrx_word' id='word_1_245' title='bbox 476 4143 557 4208; x_wconf 89' lang='lat' dir='ltr'>quae</span> <span class='ocrx_word' id='word_1_246' title='bbox 585 4127 619 4194; x_wconf 93' lang='lat' dir='ltr'>in</span> <span class='ocrx_word' id='word_1_247' title='bbox 646 4127 866 4209; x_wconf 88' lang='lat' dir='ltr'>superioribus</span> <span class='ocrx_word' id='word_1_248' title='bbox 893 4125 1087 4192; x_wconf 88' lang='lat' dir='ltr'>editionibus</span> <span class='ocrx_word' id='word_1_249' title='bbox 1108 4125 1386 4206; x_wconf 70' lang='lat' dir='ltr'>desiderabantur,</span> <span class='ocrx_word' id='word_1_250' title='bbox 1465 4186 1466 4231; x_wconf 75' lang='lat'>,</span> 
     </span>
    </p>
   </div>
   <div class='ocr_carea' id='block_1_5' title="bbox 200 4243 1385 4448">
    <p class='ocr_par' dir='ltr' id='par_1_7' title="bbox 200 4243 1385 4448">
     <span class='ocr_line' id='line_1_32' title="bbox 203 4243 1385 4329; baseline -0.003 -17"><span class='ocrx_word' id='word_1_251' title='bbox 203 4244 352 4312; x_wconf 81' lang='lat' dir='ltr'>addenda</span> <span class='ocrx_word' id='word_1_252' title='bbox 367 4243 451 4324; x_wconf 87' lang='lat' dir='ltr'>duxi,</span> <span class='ocrx_word' id='word_1_253' title='bbox 472 4245 582 4325; x_wconf 84' lang='lat' dir='ltr'>multa,</span> <span class='ocrx_word' id='word_1_254' title='bbox 605 4257 690 4328; x_wconf 90' lang='lat' dir='ltr'>quae</span> <span class='ocrx_word' id='word_1_255' title='bbox 703 4245 815 4328; x_wconf 88' lang='lat' dir='ltr'>paucis</span> <span class='ocrx_word' id='word_1_256' title='bbox 829 4245 1010 4328; x_wconf 82' lang='lat' dir='ltr'>attigeram,</span> <span class='ocrx_word' id='word_1_257' title='bbox 1028 4245 1186 4329; x_wconf 86' lang='lat' dir='ltr'>copiosius</span> <span class='ocrx_word' id='word_1_258' title='bbox 1201 4244 1385 4326; x_wconf 79' lang='lat' dir='ltr'>tractanda3</span> 
     </span>
     <span class='ocr_line' id='line_1_33' title="bbox 200 4363 1384 4448; baseline -0.002 -18"><span class='ocrx_word' id='word_1_259' title='bbox 200 4381 266 4447; x_wconf 90' lang='lat' dir='ltr'>quo</span> <span class='ocrx_word' id='word_1_260' title='bbox 289 4368 377 4431; x_wconf 88' lang='lat' dir='ltr'>certe</span> <span class='ocrx_word' id='word_1_261' title='bbox 399 4363 506 4430; x_wconf 85' lang='lat' dir='ltr'>idme</span> <span class='ocrx_word' id='word_1_262' title='bbox 530 4369 735 4432; x_wconf 86' lang='lat' dir='ltr'>consecutum</span> <span class='ocrx_word' id='word_1_263' title='bbox 759 4381 830 4432; x_wconf 84' lang='lat' dir='ltr'>esse</span> <span class='ocrx_word' id='word_1_264' title='bbox 853 4383 956 4448; x_wconf 90' lang='lat' dir='ltr'>spero,</span> <span class='ocrx_word' id='word_1_265' title='bbox 977 4369 1016 4431; x_wconf 85' lang='grc' dir='ltr'>ιιι</span> <span class='ocrx_word' id='word_1_266' title='bbox 1037 4365 1114 4433; x_wconf 84' lang='lat' dir='ltr'>milri</span> <span class='ocrx_word' id='word_1_267' title='bbox 1128 4383 1194 4431; x_wconf 93' lang='lat' dir='ltr'>non</span> <span class='ocrx_word' id='word_1_268' title='bbox 1207 4363 1384 4432; x_wconf 80' lang='lat' dir='ltr'>uerendum</span> 
     </span>
    </p>
   </div>
   <div class='ocr_carea' id='block_1_6' title="bbox 377 4678 663 4794">
    <p class='ocr_par' dir='ltr' id='par_1_8' title="bbox 240 4611 663 4794">
     <span class='ocr_line' id='line_1_34' title="bbox 377 4678 663 4794; baseline 0 -175"><span class='ocrx_word' id='word_1_269' title='bbox 377 4678 663 4794; x_wconf 35' lang='lat' dir='ltr'>A*</span> 
     </span>
    </p>
   </div>
   <div class='ocr_carea' id='block_1_7' title="bbox 0 0 1476 4975">
    <p class='ocr_par' dir='ltr' id='par_1_9' title="bbox 0 0 1476 4975">
     <span class='ocr_line' id='line_1_35' title="bbox 0 0 1476 4975; baseline 0 0"><span class='ocrx_word' id='word_1_270' title='bbox 0 0 1476 4975; x_wconf 95' lang='lat' dir='ltr'> </span> 
     </span>
    </p>
   </div>
  </div>
 </body>
</html>
