2942 4975
458 300 673 366 AENEIDOS
695 302 776 366 LIB.
798 303 835 367 V.

89 485 137 552 725
155 487 226 552 (lare
247 487 360 569 magia,
382 490 457 554 nate
479 487 584 553 Iliacis
607 488 747 554 exercite
768 488 853 567 fatis,

153 573 270 654 luperio
292 573 376 638 Iovis
398 573 460 638 555
482 573 588 652 venio,
612 573 666 654 qui
691 574 845 639 classibus
866 574 975 655 iguem

153 659 275 739 Depulit
297 663 331 722 et
353 658 442 724 eaelo
464 658 594 724 tandem
615 659 786 725 miseratus
808 659 847 724 ah
872 660 938 726 alto
961 663 1020 724 est.
1046 683 1049 688 ’

154 741 290 815 Consilia
311 761 401 824 pare,
425 762 507 825 quae
529 761 613 808 nune
634 744 850 827 pulcherrima
870 744 995 810 Nautes

152 829 210 892 Dat
230 829 348 908 senior3
371 829 472 894 lectos
494 828 639 907 iuveueS,
661 827 837 896 fortissima
858 830 964 909 corda,

88 910 295 978 7300515515
317 914 452 980 Italiam.
497 913 584 980 Gens
607 914 687 980 dura
709 919 807 996 atque
829 934 944 997 aspera
966 915 1055 982 austu

151 999 535 1066 1155555555115155115
559 1003 617 1064 est
659 1000 875 1067 Ditis-tamen
898 1004 974 1076 ante

151 1083 288 1150 Infernas
311 1085 428 1150 accede
451 1085 574 1163 domos,
598 1089 631 1169 et
652 1086 782 1150 Averna
802 1103 862 1167 per
883 1086 951 1150 alta

152 1167 340 1252 congressus
362 1175 450 1251 pete,
472 1174 562 1250 nate,
585 1189 682 1235 meos.
726 1171 801 1236 Non
821 1189 873 1237 me
894 1170 994 1253 impia
1014 1187 1152 1253 namque

152 1255 278 1320 Tartara
298 1255 420 1320 hahent
442 1255 593 1320 tristesve
615 1255 761 1334 umbrae,
783 1256 839 1320 sed
861 1275 997 1320 amoena
1018 1256 1145 1342 piorum

86 1335 132 1401 735
151 1339 283 1404 05551115
303 1340 512 1422 Elysiumque
535 1340 613 1406 colo.
656 1341 729 1405 Huc
752 1346 841 1406 casta
862 1341 983 1423 Sibylla

150 1425 313 1506 Nigrarum
336 1427 437 1490 multo
459 1425 618 1509 pecudum
640 1430 674 1490 te
696 1426 977 1507 sanguneuucet.

153 1510 225 1575 Tum
247 1529 350 1592 genus
371 1529 464 1576 omne
487 1515 590 1590 tuum,
614 1515 647 1577 et
668 1530 751 1593 quae
772 1513 891 1590 dentur
912 1511 1051 1591 moenia,
1074 1512 1186 1578 (lieres.

150 1595 273 1678 Iamque
295 1597 381 1676 vale3
404 1591 535 1678 torquet
556 1597 679 1661 medios
701 1597 773 1660 Nox
794 1597 925 1662 humida
946 1614 1064 1675 cursus,
1251 1607 1258 1612 '

150 1681 189 1744 llt
207 1701 256 1746 me
279 1700 394 1748 saevus
417 1683 507 1762 equis
530 1681 646 1746 Oriens
668 1681 952 1759 55555115555115.

84 1760 133 1827 740
150 1765 286 1847 Dixerat,
312 1770 346 1832 et
368 1767 475 1832 tenuis
497 1767 581 1848 fugit
603 1785 662 1832 eeu
683 1766 790 1832 fumus
811 1768 845 1832 iu
867 1786 969 1832 auras.

151 1851 281 1931 Aeneas,
305 1852 375 1929 Quo
399 1852 515 1918 deiude
537 1852 625 1917 ruis?
658 1869 721 1933 quo
743 1853 902 1935 proripis?
934 1853 1047 1934 155511,

151 1935 243 2013 Quem
265 1936 373 2020 fugis?
407 1943 463 2002 aut
485 1938 556 2019 quis
579 1941 612 2002 te
634 1938 752 2003 nostris
775 1938 982 2019 conplexibus
1004 1938 1116 2003 555517

150 2022 230 2088 Η555
251 2041 435 2088 memorans
457 2023 598 2088 cinerem
621 2027 655 2088 et
677 2024 799 2105 sopitos
821 2024 957 2088 suscitat
977 2022 1069 2105 iguis,

149 2107 418 2190 Pergameumque
440 2110 556 2174 Larem
580 2112 614 2172 et
636 2127 734 2174 canae
756 2109 935 2191 penetralia
955 2109 1074 2174 Vestae

83 2186 132 2256 745
149 2193 240 2258 Farre
261 2193 317 2276 pio
342 2198 376 2259 et
396 2194 492 2277 plena
513 2194 648 2276 supplex
669 2199 843 2258 veneratur
864 2212 983 2258 neema

222 2279 395 2361 Extemplo
419 2279 521 2344 socios
543 2279 744 2361 primumque
767 2279 900 2344 arcessit
921 2279 1070 2357 Acesten,

148 2364 187 2428 llt
207 2365 291 2430 Iovis
314 2363 474 2446 inperium
498 2368 531 2429 et
553 2365 620 2430 cari
641 2369 815 2447 praecepta
835 2363 979 2445 parentis

148 2448 276 2531 Edocet,
300 2454 337 2515 et
358 2468 440 2532 quae
462 2468 547 2516 nunc
569 2449 674 2515 animo
697 2449 860 2516 sententia
881 2453 1015 2515 constet·

148 2535 235 2601 Haud
257 2554 351 2601 mora
373 2536 524 2614 consiliis,
551 2554 611 2601 nec
632 2536 720 2601 iussa
741 2540 871 2601 recusat
883 2536 1034 2600 Acestes.
1133 2601 1135 2606 ,

81 2614 131 2681 750
149 2620 376 2687 Transcribunt
397 2621 469 2685 urbi
490 2626 622 2701 metrae,
643 2622 859 2705 populumque
881 2621 1045 2686 volentem

147 2704 332 2788 Deponunt,
355 2706 477 2771 animos
499 2706 544 2770 nil
566 2725 702 2789 magnae
724 2706 829 2771 laudis
852 2706 984 2786 egentis.

147 2791 207 2873 Ipsi
227 2795 374 2859 transtra
395 2796 530 2871 novant,
552 2790 751 2872 flammisque
774 2792 903 2857 ambesa
923 2794 1084 2874 reponunt

93 2944 96 2949 ,
146 2876 268 2943 Robora
290 2876 440 2959 navigiis,
463 2881 577 2958 aptant
597 2895 768 2958 remosque
789 2876 1014 2957 rubentisque,

56 2966 59 2969 ’
146 2962 255 3044 Exigui
279 2980 427 3041 numero,
450 2963 507 3028 sed
529 2962 613 3027 bello
636 2962 743 3028 vivida
763 2962 873 3026 virtus.

81 3040 128 3110 755
146 3047 271 3113 Interea
294 3050 422 3114 Aeneas
444 3047 556 3112 urbem
580 3048 727 3129 designat
749 3051 856 3111 aratro

146 3132 349 3217 Sortiturque
372 3134 495 3213 domos3
518 3134 579 3198 hoc
601 3133 696 3197 Ilium
719 3131 854 3197 ethaeo
876 3132 947 3197 loca
970 3131 1097 3197 Troiam
1130 3133 1132 3136 ’

78 3294 161 3353 155155
191 3306 299 3357 uaedam
320 3306 343 3355 iu
362 3304 543 3355 similitudinem
560 3304 684 3355 Anchisae
702 3303 793 3365 5711515,
810 3302 841 3353 51.
860 3318 899 3354 vs.
917 3298 989 3371 7351
1024 3297 1241 3364 matteas,

79 3321 213 3433 131851
248 3372 309 3425 727.
330 3388 355 3423 v.
373 3370 398 3436 3,
418 3369 490 3429 1821
525 3369 583 3423 730,
603 3388 659 3439 asp.
677 3388 705 3435 5.,
725 3387 829 3437 asperos
847 3371 930 3422 rolens
947 3385 1044 3430 mores3
1062 3369 1242 3434 5155551555

79 3450 154 3489 norun
171 3448 215 3506 551,
234 3442 272 3494 ita
291 3442 352 3492 illud
365 3442 433 3491 dara
445 3447 563 3504 naturam
580 3442 630 3491 iarn
649 3439 680 3490 51.
693 3438 717 3503 9,
730 3437 889 3505 ons-6134
920 3435 978 3488 732.
996 3454 1021 3487 v.
1032 3434 1057 3500 3,
1069 3434 1121 3489 386
1132 3432 1243 3505 514421

78 3500 122 3558 734.
138 3512 254 3562 tristasse
272 3527 315 3573 5.,
334 3510 487 3573 significatur
504 3510 573 3559 loeus
591 3510 707 3560 heroibus
725 3509 869 3572 assignatus
883 3508 964 3559 tristis
976 3522 1006 3557 55
1018 3506 1071 3555 5515
1088 3519 1186 3568 carens,
1203 3506 1242 3556 uti

79 3576 196 3639 1555115155
213 3594 227 3629 5
247 3579 377 3645 Deiphobo
396 3576 421 3642 6,
439 3574 491 3630 534
508 3584 533 3627 51
551 3573 626 3637 5451
661 3574 719 3627 736,
743 3576 774 3627 51.
796 3574 822 3638 6,
839 3572 998 3633 243-2541
1032 3568 1094 3641 ffl9.
1111 3574 1240 3624 Donatuet

76 3642 134 3703 ,1755
156 3648 311 3713 permittitur
338 3647 442 3698 mortuis
469 3646 550 3711 loqui,
577 3662 631 3697 oum
655 3647 693 3696 sol
718 3644 794 3696 luerit
809 3650 924 3695 exortus.
943 3670 975 3679 —
993 3656 1103 3705 saevas,
1126 3643 1241 3707 quonium

77 3710 159 3765 invitum
180 3723 285 3782 reperet
310 3730 326 3765 5
348 3715 424 3765 filio.“
459 3713 572 3765 Ceterum
594 3731 619 3764 v.
642 3712 673 3765 G.
698 3712 721 3775 1,
745 3710 819 3781 2501
853 3710 912 3764 741.
929 3711 1033 3775 minda,
1059 3718 1116 3777 post
1141 3712 1241 3771 brevem

77 3778 125 3829 hunc
140 3798 283 3847 sermonem,
303 3790 435 3849 autequam
452 3782 593 3849 amplexum
611 3789 680 3833 tuum
699 3788 783 3848 petere
800 3782 891 3847 551511
925 3776 983 3830 lla
998 3778 1079 3847 aV,
1098 3779 1201 3831 Vestem
1216 3779 1241 3829 15
1316 3780 1324 3791 ‘

76 3852 222 3911 paen-alitus
241 3853 360 3919 positam,
378 3868 426 3918 quo
444 3860 609 3903 veneraturus
627 3866 682 3901 eam
700 3849 976 3915 555555155555155555
994 3854 1048 3913 est;
1071 3864 1127 3899 5551
1146 3864 1242 3898 ranam

76 3915 250 3972 licitatorem
269 3936 304 3972 ex
324 3921 371 3971 diis
388 3920 587 3985 antiquissimis!
622 3916 680 3971 745.
703 3920 803 3969 Somnia
820 3918 1019 3985 procurabantur
1036 3916 1172 3983 515-15555,
1189 3918 1206 3967 i.
1218 3932 1240 3966 5.

75 3986 207 4039 5555155
226 3988 421 4108 5551551555,
440 3988 531 4038 Tibull.
557 3987 581 4051 1,
606 3985 630 4046 5,
650 3984 694 4048 14)
712 3994 739 4037 51
755 3993 827 4052 ture,
853 3986 928 4037 Plnut
945 3985 1068 4052 Amphitr.
1084 3982 1115 4046 2,
1132 3984 1164 4048 2,
1182 3981 1243 4035 108.

75 4048 150 4107 715511.
161 4056 185 4119 3,
193 4054 219 4123 4,
256 4056 312 4124 551
340 4052 399 4107 746.
417 4073 442 4108 v.
451 4053 476 4120 3,
484 4052 560 4124 4371
589 4053 648 4107 749.
666 4053 975 4123 consummantia!
1011 4051 1069 4105 751.
1088 4054 1195 4120 05555,
1212 4059 1244 4103 51

73 4118 143 4174 inutile
159 4140 227 4177 5555.
238 4154 271 4163 -
286 4125 327 4175 m‘l
336 4125 439 4189 gravius
451 4132 538 4189 negat,
550 4140 622 4190 quam
634 4122 711 4193 5551
747 4120 806 4175 752.
818 4140 881 4191 rep,
893 4140 949 4174 eum
961 4124 1063 4186 integris
1074 4116 1242 4189 5555515511

74 4182 122 4240 753.
137 4200 234 4260 optant,
253 4209 279 4245 v.
293 4192 326 4244 G.
338 4192 364 4257 2,
375 4190 451 4257 3591
485 4190 544 4243 754,
563 4194 585 4243 5.
598 4208 619 4243 5.
632 4206 663 4256 5.,
682 4194 698 4243 1.
710 4208 731 4243 5.
745 4194 818 4254 tales,
835 4193 925 4256 quihus
942 4200 981 4243 est
997 4191 1082 4243 vivida
1100 4192 1132 4240 ecl
1150 4187 1241 4239 bellun

72 4257 153 4325 virtus,
173 4263 221 4313 riri
243 4262 328 4313 sortes
352 4276 382 4313 ac
405 4262 514 4321 streuni;
537 4261 569 4311 51.
594 4259 636 4324 11,
653 4258 705 4312 338
723 4258 776 4327 erp!
811 4257 870 4313 755.
892 4261 986 4311 Locum
1006 4259 1149 4310 condendae
1171 4256 1242 4305 urhis

74 4326 130 4377 55155
151 4330 275 4381 includere
301 4330 416 4382 solebant
433 4329 560 4400 11555511
595 4325 653 4381 753.
671 4328 757 4393 Sort,
782 4337 850 4380 sorte
873 4331 994 4393 assignem
1018 4354 1052 4363 -
1073 4325 1151 4375 Ilium
1171 4322 1242 4386 urbs,
1284 4378 1286 4382 ,
