2942 4975
468 360 683 426 AENEIDOS
705 362 786 428 utu.
807 363 847 427 11.
883 395 888 405 ¹

154 547 297 631 mppiter
319 545 535 629 omnipotens,
557 545 706 630 precibus
729 548 757 614 si
778 547 918 615 flecteris
939 550 1023 630 ullis,

82 633 137 698 690
154 633 269 718 Aspice
291 651 350 698 nos
372 632 434 697 hoc
455 636 596 712 tantum;
619 637 666 713 et,
689 634 715 698 si
737 633 859 715 pietate
880 653 1049 717 meremur,
1104 636 1109 644 '

153 717 201 784 Da
221 719 339 784 deinde
361 717 526 798 auxilium,
548 722 654 800 peter,
676 723 774 800 atque
796 719 876 785 haec
898 721 1004 787 omina
1024 720 1124 788 firma

232 804 296 870 Vix
318 822 358 869 ea
378 801 465 868 fatus
487 803 697 884 emiserim,
720 803 890 886 subitoque
911 804 1040 888 fragore

153 889 297 954 Intonuit
318 888 459 968 laevum,
481 893 518 953 et
536 889 576 954 de
599 889 688 954 caelo
710 889 803 972 lapsa
823 909 882 972 per
902 891 1032 958 umbras

153 975 253 1041 Stella
274 973 377 1039 facem
399 970 520 1039 ducens
542 974 738 1039 multa'cum
760 974 833 1040 luce
855 976 1004 1042 cucurrit

81 1059 133 1126 696
152 1060 255 1140 Illam,
278 1077 401 1124 summa
422 1077 520 1142 super
540 1059 703 1124 labentem
726 1059 866 1125 culmina
886 1061 975 1141 tecti,

56 1165 59 1173 ·
154 1145 321 1212 Cernimus
342 1143 441 1227 Idaea
463 1144 581 1210 claram
604 1163 639 1210 se
662 1145 802 1210 condere
824 1145 905 1210 silva

152 1231 403 1312 signantemque
423 1229 505 1309 vias;
527 1234 597 1294 tum
618 1230 715 1311 longo
737 1230 841 1295 limite
862 1231 969 1296 sulcus

151 1317 214 1380 Dat
235 1316 356 1394 lucem,
378 1319 413 1380 et
433 1314 499 1380 late
523 1314 643 1380 circum
664 1315 735 1380 loca
757 1314 879 1381 sulfure
900 1315 1035 1381 fumant.

151 1401 209 1467 Hic
229 1419 309 1465 vero
332 1399 436 1465 victus
458 1399 585 1482 genitor
607 1418 642 1465 se
664 1400 752 1465 tollit
773 1401 814 1466 ad
835 1419 939 1481 auras,

81 1483 131 1549 700
150 1485 351 1566 adfaturque
374 1486 451 1551 deos
475 1490 509 1551 et
530 1489 677 1550 sanctum
698 1485 786 1550 sidus
808 1486 930 1551 adorat.

150 1572 216 1638 lam
238 1571 304 1636 iam
325 1570 416 1636 nulla
436 1588 527 1636 mora
548 1575 610 1651 est;
633 1588 762 1653 sequor,
786 1576 832 1650 et,
855 1589 919 1652 qua
940 1571 1069 1652 ouans,
1091 1573 1213 1640 adsum.

150 1657 189 1722 Di
210 1655 323 1739 patrii,
346 1659 473 1721 seruate
496 1655 637 1735 domum,
659 1661 787 1721 servate
809 1661 969 1739 nepotem.

150 1743 304 1808 Vestrum
325 1741 387 1806 hoc
409 1741 590 1824 augurium,
611 1746 784 1823 rastroque
805 1742 839 1806 in
860 1741 991 1807 numine
1012 1743 1110 1809 Troia
1130 1749 1188 1809 est.

151 1825 234 1892 Cedo
261 1826 422 1908 equidem,
443 1845 518 1905 nec,
540 1830 628 1906 nate,
650 1826 709 1893 tibi
731 1845 838 1893 comes
859 1827 907 1892 ire
927 1846 1049 1894 recuso.

82 1908 132 1976 705
150 1913 286 1978 Dixerat
305 1912 375 1992 ille3
398 1916 432 1976 et
453 1911 518 1976 iam
539 1930 598 1994 per
619 1913 747 1977 moenia
768 1912 884 1977 clarior
904 1912 989 1994 ignis

151 1997 302 2075 Auditur,
325 1997 520 2086 propiusque
544 2001 652 2062 aestus
672 1997 822 2062 incendia
842 1998 984 2063 volvunt
1068 2058 1071 2064 .

150 2083 233 2166 Ergo
258 2100 332 2164 ege,
356 2100 430 2148 care
451 2087 559 2166 pater,
582 2083 697 2148 cervici
718 2083 875 2164 inponere
896 2087 1041 2164 nostrae,

149 2169 220 2250 Ipse
243 2167 359 2234 subibo
381 2167 535 2246 humeris
557 2185 618 2234 nec
639 2185 691 2233 me
714 2167 805 2232 labor
826 2168 888 2233 iste
910 2169 1069 2250 gravabit3

151 2253 216 2331 Quo
239 2271 296 2317 res
319 2271 455 2334 cumque
478 2253 607 2332 cadent,
629 2272 728 2318 uuum
752 2257 786 2317 et
808 2271 976 2318 commune
997 2254 1162 2335 periclum,

81 2333 130 2400 710
149 2339 219 2406 Una
241 2338 331 2404 salus
354 2339 506 2405 ambobus
530 2338 600 2403 erit.
644 2337 723 2403 Mihi
745 2356 862 2420 parvus
884 2339 973 2403 Iulus

150 2423 195 2490 Sit
218 2441 341 2504 comes,
365 2428 399 2489 et
420 2424 516 2506 longe
538 2428 647 2490 servet
666 2423 804 2506 vestigia
826 2422 971 2489 coniunx.

149 2510 223 2590 Vos,
247 2508 373 2589 famuli,
396 2528 478 2591 quae
501 2510 618 2589 dicam,
640 2510 753 2575 animis
775 2510 934 2575 advertite
955 2509 1081 2575 vestris.

149 2596 206 2661 Est
227 2595 311 2659 urbe
335 2595 472 2676 egressis
495 2596 636 2660 tumulus
658 2594 878 2677 templumque
898 2599 1007 2673 vetust

121 2716 123 2723 ι
149 2681 308 2745 Desertae
331 2678 470 2760 Cereris,
492 2680 644 2763 iuxtaque
667 2680 800 2762 antiqua
821 2698 999 2762 cupressus

78 2822 212 2875 „extremum
230 2817 299 2880 fato,
324 2818 405 2883 quod
425 2824 451 2869 te
476 2818 610 2883 adloquor,
636 2818 681 2867 hoe
699 2818 764 2877 est,“
787 2818 844 2868 ie.
862 2824 999 2868 extremam
1017 2816 1095 2867 iatum
1112 2817 1170 2868 mihi
1188 2834 1246 2867 con·

78 2884 137 2933 cessit
152 2887 223 2949 hane,
245 2902 345 2951 quam
366 2890 392 2935 te
415 2886 536 2951 adloquor
559 2884 817 2944 collocutionem
841 2900 867 2935 v.
891 2886 966 2937 etiam
987 2882 1012 2949 8,
1034 2883 1093 2936 423.
1128 2884 1244 2936 Eiusdem

77 2952 154 3013 geneis
171 2961 227 3005 suut
245 2956 343 3005 acerba
361 2968 464 3017 sonare,
483 2953 679 3019 crebraferr're,
699 2958 776 3005 torua
787 2957 867 3016 tum,
885 2959 1007 3004 moena
1019 2968 1131 3020 gemere.
1158 2954 1247 3019 Itaque
1286 2994 1289 3002 .

77 3024 148 3095 rspice
166 3038 211 3072 nos
234 3024 283 3073 bec
307 3026 411 3073 tantum
432 3023 448 3072 i.
467 3038 490 3089 q.
510 3024 573 3072 huuc
590 3028 685 3073 tantum
703 3030 830 3088 aspectum
853 3038 897 3073 uos
921 3024 1018 3089 aspice,
1044 3020 1128 3071 τοῦτο
1149 3015 1244 3090 μόνον

77 3085 135 3153 ημᾶς
152 3087 324 3156 ἔπίβλεψον,
348 3096 448 3141 eatenus
467 3092 590 3141 duntaxat
607 3106 647 3141 res
665 3096 766 3140 nostras
787 3092 882 3157 aspice,
905 3092 920 3141 i.
939 3107 961 3141 e.
984 3092 1061 3141 omnis
1081 3090 1244 3141 Troianorum

77 3154 229 3209 fortunarum
248 3159 387 3221 corruerit,
412 3159 473 3209 hanc
497 3165 594 3210 tautum
618 3160 671 3211 eius
688 3165 830 3225 portemus
847 3160 891 3209 ico.
927 3162 1060 3227 Aspicit
1083 3166 1178 3223 autern,
1203 3161 1244 3223 qui

76 3229 106 3275 est
120 3228 246 3292 propitius,
271 3243 335 3288 uon,
359 3228 503 3289 miratus,
526 3228 619 3277 avertit
642 3224 751 3293 oculos!
790 3176 850 3278 696.
873 3226 922 3277 Alii
942 3227 985 3277 Da
1007 3228 1032 3278 d.
1056 3230 1243 3292 augurium,

77 3306 127 3356 quae
141 3294 210 3345 lectio
227 3296 349 3345 incertum
367 3304 406 3347 est
423 3302 505 3347 utrum
524 3296 666 3359 excogitata
684 3296 717 3345 sit
734 3310 750 3345 a
768 3294 849 3346 Probo
867 3296 1041 3359 grammatus,
1064 3310 1095 3345 su
1119 3296 1143 3345 iu
1160 3295 1245 3359 aliquo

76 3368 144 3412 uetere
161 3364 300 3431 exemplari
319 3364 350 3414 ab
368 3378 398 3413 eo
415 3365 523 3415 iuventa.
541 3392 575 3401 -
592 3364 656 3415 bueo
673 3353 721 3413 onr'.
734 3364 835 3429 firma:
852 3364 968 3413 Servius:
990 3379 1054 3427 „uon
1072 3378 1146 3413 uuum
1163 3377 1242 3426 augu-

75 3428 126 3478 rium
141 3432 231 3483 vidisse
251 3432 352 3496 suffieit,
370 3432 416 3481 nisi
433 3432 592 3483 confirmetur
609 3448 641 3483 ex
659 3432 745 3495 simili;
764 3447 821 3482 nuru
840 3432 861 3481 si
873 3433 1002 3482 dissimilia
1020 3438 1078 3483 sunt
1095 3433 1243 3497 posteriora,

76 3496 188 3549 solvuntur
205 3501 320 3567 priora.“
342 3498 373 3549 ei.
397 3496 422 3563 8,
441 3496 495 3567 78.Ι
530 3498 589 3552 692.
614 3500 672 3552 Vde
742 3517 804 3565 que,
829 3500 937 3566 Copaiue
960 3506 999 3563 et,
1023 3516 1084 3566 que,
1106 3511 1181 3565 saepe
1202 3514 1244 3549 res
1320 3509 1322 3514 ·

76 3567 213 3632 coniungunt,
231 3584 298 3633 quae
309 3568 377 3619 nullo
389 3585 465 3635 prope
476 3570 594 3634 temporis
606 3570 739 3619 intervallo
750 3584 806 3619 sese
817 3570 932 3634 excipere
943 3568 1119 3632 significantur,
1135 3569 1244 3617 manime

76 3642 120 3695 post
133 3633 282 3687 Particuiam
300 3640 354 3699 uice,
373 3636 403 3688 ci.
421 3634 446 3701 3,
465 3635 489 3688 8.
508 3635 533 3701 b,
551 3634 610 3688 867.
629 3632 654 3698 8,
673 3634 732 3689 520.
754 3635 794 3700 11,
812 3633 876 3695 296;
887 3642 952 3754 1pout
969 3638 1014 3685 ubi
1030 3634 1071 3698 12,
1089 3631 1148 3700 81.Ι
1183 3634 1243 3686 663.

77 3698 178 3754 Touitrua
190 3720 206 3755 a
217 3706 295 3755 laeva
306 3712 378 3771 parte
394 3705 518 3757 venientia
537 3704 621 3757 inusta
639 3706 793 3756 habebantur
810 3706 876 3772 apud
909 3701 1035 3761 omanus!
1069 3702 1128 3756 697.
1145 3705 1170 3753 in
1188 3705 1243 3771 ipso

75 3783 135 3821 rursu
149 3773 197 3823 ista
215 3774 293 3825 steila
311 3789 331 3825 s.
350 3772 394 3823 fax
413 3774 528 3825 caelestis
547 3773 586 3841 (v.
605 3772 635 3825 G.
654 3772 679 3837 1,
696 3771 770 3840 365.)
789 3774 859 3837 signa
877 3774 998 3839 quaedum
1015 3788 1104 3823 cursus
1122 3773 1160 3823 sui
1180 3772 1243 3839 (ful-

75 3851 142 3897 tum
160 3843 282 3905 quendam
298 3842 422 3909 intellige)
440 3843 563 3907 relinquit,
581 3848 606 3893 ct
623 3848 754 3909 postquam
772 3844 870 3893 ronuta
887 3848 939 3904 est,
956 3849 1009 3892 tum
1026 3842 1105 3891 omnis
1122 3842 1175 3891 eius
1192 3842 1243 3906 via,

75 3906 125 3957 sulci
139 3909 216 3959 instar
234 3910 259 3960 in
272 3911 342 3961 caelo
355 3912 425 3975 quasi
442 3912 570 3976 impressa,
588 3912 643 3961 luce
660 3907 785 3977 effulget}
820 3907 879 3961 699.
891 3926 920 3959 se
931 3908 983 3960 tort
995 3911 1032 3961 ad
1042 3925 1114 3974 aar,
1126 3910 1244 3961 sublevat

75 3986 96 4020 se
117 3978 244 4043 oculosque
269 3992 299 4027 ae
321 3994 409 4029 manus
432 3980 553 4029 convertit
576 3981 608 4029 ad
632 3973 750 4037 caelum!
791 3975 849 4029 703.
873 3981 901 4027 in
925 3976 986 4044 (sub
1010 3975 1035 4043 9,
1059 3974 1134 4046 247.)
1156 3986 1245 4030 oestro

75 4046 176 4108 numine,
197 4046 220 4096 iu
243 4054 331 4097 vestra
357 4048 445 4097 tutela⁴
480 4047 607 4111 Significat
629 4046 748 4097 Anchises
774 4062 826 4096 rem
849 4046 981 4097 Troianam
1006 4049 1112 4097 noudum
1138 4063 1242 4114 prorsus

74 4112 178 4225 porditum
195 4130 225 4165 ac
244 4115 346 4165 meliora
363 4114 463 4167 fortuna
481 4116 504 4165 in
521 4116 592 4165 novis
604 4116 703 4165 sedibus
715 4115 842 4182 usuram!
876 4112 935 4167 705.
954 4116 1058 4180 clarior,
1073 4114 1105 4165 oi.
1118 4130 1156 4165 vs.
1168 4112 1244 4183 3014

89 4176 122 4229 11.
139 4196 161 4231 v.
180 4180 209 4233 (i.
229 4179 255 4243 1,
275 4179 335 4233 335.
352 4212 386 4221 -
404 4184 487 4249 long-e,
505 4199 543 4233 vs.
562 4180 613 4235 725
628 4198 704 4250 pone,
727 4199 772 4245 ne,
790 4183 813 4233 si
830 4186 900 4235 multi
916 4199 967 4235 uua
983 4185 1061 4248 irent,
1085 4185 1241 4233 animadver-

75 4250 170 4300 terenrm
186 4251 218 4300 ab
238 4252 360 4315 hostibus
377 4250 407 4301 ci.
426 4253 501 4303 etiam
519 4266 556 4302 vs.
576 4249 647 4322 7164
684 4248 742 4302 713.
761 4251 812 4301 Est
829 4256 893 4304 tum.
911 4255 975 4303 urbe
991 4256 1119 4318 egressis,
1143 4268 1177 4301 so.
1195 4252 1240 4299 ed-

75 4313 172 4385 ucemus}
207 4315 268 4371 714.
295 4319 397 4386 Proprie
425 4320 571 4386 templum
596 4319 693 4371 Cereris
720 4322 845 4371 desertum
871 4327 940 4383 erat,
965 4322 982 4371 i.
1008 4336 1029 4371 e.
1057 4321 1112 4371 loeo
1134 4320 1241 4386 positum

74 4380 213 4451 infrequenti,
230 4403 253 4438 s.
272 4403 320 4453 quo
337 4388 444 4439 homiues
462 4403 521 4439 raro
540 4387 598 4455 (aut
614 4392 757 4455 numquam)
775 4390 855 4440 solent
871 4390 1004 4451 uceedme3
1029 4387 1060 4438 ei.
1078 4386 1103 4451 3,
1121 4384 1178 4438 646.
1199 4383 1241 4450 11,
