2942 4975
1187 360 1250 400 XXV

80 542 228 598 manarum,
251 542 308 599 qua
328 524 380 585 illo
402 530 532 599 ternpore
552 526 681 585 homines
698 527 923 587 delectabantur.
959 526 1088 599 Denique
1103 526 1176 585 nihil
1189 525 1253 587 iere

81 618 121 671 est
146 627 274 684 magnum
303 614 333 669 et
357 610 546 671 memorabile
573 617 683 684 gestum
711 611 749 671 ab
775 612 830 671 boc
858 612 977 686 populo,
1010 612 1087 685 quod
1114 613 1251 687 Virgilius

80 714 132 757 non
153 697 354 768 interposuerit
374 696 440 755 huic
463 698 583 757 carmini
602 697 706 770 iisque,
735 697 837 771 quibus
864 697 939 756 solet
959 699 1068 770 omnia,
1098 697 1251 757 luminibus
1328 702 1331 711 '

80 782 222 841 verborum
254 780 467 841 illuminaverit.
521 782 563 841 Et
594 782 762 841 mirabimur
794 788 946 855 tantopere
977 782 1131 863 probatum
1163 781 1253 841 fuisse

80 867 223 941 Virgilium
244 866 432 940 popularibus
454 869 511 927 suis
533 868 730 941 maximisque,
762 867 863 941 quibus
883 873 1028 940 poterant,
1051 868 1183 927 laudibus
1205 885 1251 926 ce·

79 950 234 1011 lebratnm?
280 952 354 1023 Quid
377 956 420 1011 est
439 954 535 1027 igitur,
559 970 646 1027 quare
667 952 744 1011 idem
764 952 849 1011 nobis
869 954 983 1027 placeat
1004 951 1127 1026 parum?
1159 954 1252 1011 Immo

81 1039 157 1111 agite,
179 1038 281 1109 optimi
295 1038 418 1111 iuvenes,
439 1039 589 1097 intuemini
609 1038 731 1096 libenter
752 1055 919 1112 magnorum
941 1038 1086 1097 bominum
1100 1040 1252 1113 magnique

79 1123 170 1196 populi
190 1124 310 1181 unctas
334 1123 364 1181 in
385 1124 491 1182 illustri
518 1132 699 1183 monumento
726 1124 849 1196 positas,
877 1125 1044 1197 accensique
1070 1123 1176 1181 talibus
1203 1140 1252 1182 ex-

80 1208 181 1288 emplis,
201 1208 269 1265 huic
285 1209 409 1281 tempori
423 1210 554 1283 inprimis
574 1208 735 1269 salubribus
758 1216 787 1269 et
807 1210 983 1282 necesariis
1005 1207 1093 1267 facite
1113 1224 1156 1281 ea,
1179 1225 1253 1281 quae

81 1299 105 1351 et
125 1292 208 1375 uobis
236 1298 264 1351 et
291 1299 387 1351 vestra
415 1296 510 1367 patria
538 1295 624 1368 digna
651 1295 708 1352 sint
735 1310 862 1367 quaeque
890 1296 954 1368 ipsa
983 1294 1069 1352 simili
1097 1294 1253 1368 praeconio

81 1378 227 1451 aliquando
250 1378 438 1439 condecorari
459 1382 634 1439 mereantur!
679 1378 763 1456 (Aen.
787 1384 815 1452 9,
838 1383 898 1441 451
922 1378 997 1455 sqq.)
1272 1424 1276 1431 ,

157 1464 198 1521 At
227 1463 304 1522 dicet
333 1464 447 1537 aliquis,
478 1467 526 1539 qui
553 1466 702 1538 principes·
725 1466 756 1523 in
782 1465 875 1525 Iliade
904 1470 933 1523 et
958 1465 1087 1524 Aeneide
1113 1479 1254 1538 personas

81 1551 149 1607 inter
162 1566 193 1607 se
208 1550 370 1622 contulerit,
391 1551 477 1623 longe
499 1552 647 1609 meliorem
667 1566 729 1609 esse
744 1567 858 1609 causam
871 1550 1002 1621 Achillis,
1024 1566 1110 1622 quam
1123 1549 1254 1618 Aeneae3

80 1636 153 1693 illum
173 1634 281 1707 insigni
301 1635 406 1693 iniuria
428 1635 560 1695 adamum
581 1636 643 1693 iure
665 1636 771 1693 iratum
796 1635 883 1695 fuisse
904 1635 1035 1705 Graecis,
1064 1640 1131 1707 post
1157 1638 1253 1693 autem

81 1721 174 1792 amiso,
197 1734 284 1793 quem
306 1736 395 1792 aeque
417 1738 451 1779 ac
469 1726 558 1779 semet
577 1722 670 1794 ipsum
685 1726 816 1793 amasset,
838 1722 930 1779 amico
945 1720 1085 1779 exarsisse
1098 1720 1254 1779 iustissimo

15 1850 16 1867 2
81 1810 284 1878 proptereaque
304 1806 481 1879 implacabili
501 1806 567 1865 odio
587 1806 722 1865 adversus
736 1806 900 1878 Hectorem,
921 1806 1146 1864 inimicissimum
1159 1822 1253 1874 suum3

15 1890 16 1893 ’
82 1906 110 1948 ea
129 1891 169 1949 ita
191 1906 256 1948 esse
279 1897 460 1964 comparata,
488 1896 520 1949 ut
546 1908 629 1950 nemo
652 1893 688 1950 sit
710 1892 758 1965 qui
779 1908 837 1949 non
858 1881 975 1964 p'robet3
1002 1895 1104 1949 contra
1125 1892 1254 1947 Aeneam

80 1976 150 2035 nulla
169 1992 203 2033 re
228 1992 247 2033 a
268 1992 410 2049 quoquam
433 1976 568 2035 offensum
591 1978 697 2035 insonti
719 1977 816 2035 Turno
838 1983 868 2036 et
889 1993 1023 2050 sponsam
1050 1981 1079 2034 et
1102 1976 1254 2048 imperium

15 2086 16 2091 ¹
81 2060 150 2119 latii
173 2067 363 2135 praereptum
387 2062 445 2132 ire3
475 2062 577 2120 durum
603 2061 633 2119 id
661 2067 690 2120 et
717 2063 892 2121 exsecrabile
917 2062 1018 2120 videri
1061 2061 1102 2119 At
1127 2077 1186 2119 non
1211 2062 1256 2119 ita

15 2144 16 2187 ἶ
81 2147 159 2205 visum
174 2151 221 2205 est
237 2146 385 2219 Romanis,
408 2148 537 2219 cavitque
552 2148 788 2219 prudentissimus
802 2152 896 2220 poeta,
919 2165 955 2206 ne
975 2148 1018 2205 ita
1036 2146 1128 2204 videri
1147 2151 1254 2219 posset

83 2230 144 2289 eun
162 2232 240 2290 enim
264 2232 375 2291 duabus
396 2233 518 2291 maxime
540 2233 626 2291 rebus
648 2232 684 2291 ab
706 2234 789 2291 initio
811 2234 951 2291 niteretur
971 2250 1019 2291 res
1034 2231 1173 2303 Romana,
1195 2229 1256 2289 for-

84 2316 190 2375 titudine
221 2322 251 2374 et
280 2318 398 2377 deorum
426 2318 577 2391 religione,
608 2318 723 2389 binique
752 2317 926 2375 haberentur
947 2317 1061 2389 imperii
1082 2316 1255 2388 conditores,

84 2402 217 2475 Romulus,
244 2403 294 2474 qui
314 2404 401 2461 armis
419 2404 588 2475 primorem
604 2402 759 2475 fimdasset,
783 2408 812 2461 et
825 2403 928 2474 Numa,
951 2404 999 2475 qui
1013 2402 1121 2474 pietate
1136 2400 1254 2459 eandem

15 2551 16 2554 Ἴ
81 2489 107 2545 in
132 2493 303 2562 perpetuum
334 2490 502 2562 stabilisset,
537 2490 746 2562 sapientissime
774 2487 844 2547 fecit
871 2488 1020 2562 Virgilius,
1049 2493 1082 2544 ut
1109 2487 1256 2560 utriusque

81 2579 165 2646 partes
192 2576 226 2632 in
253 2589 313 2634 uno
339 2574 438 2634 Aenea
465 2576 630 2634 coniunctas
659 2591 777 2647 eumque
803 2574 963 2647 exemplum
989 2573 1081 2632 omnis
1104 2572 1256 2630 Romanae

81 2661 181 2718 ditatis
206 2676 272 2720 esse
293 2660 380 2718 vellet
402 2665 431 2718 et
453 2661 534 2733 quasi
556 2661 750 2733 archetypum.
793 2660 894 2732 Itaque
919 2659 1000 2717 nullu
1025 2675 1077 2716 sua
1099 2657 1257 2730 cupiditate

81 2745 229 2817 incensum,
253 2745 304 2804 sed
328 2745 446 2804 deorum
468 2747 615 2804 voluntate
637 2752 731 2804 actum
754 2743 824 2803 facit
845 2745 943 2803 venire
963 2745 994 2801 in
1013 2744 1138 2802 Italiam.
1180 2743 1256 2800 Nam

81 2847 135 2888 cum
149 2831 241 2890 Troia
264 2831 425 2890 consideret
446 2831 476 2888 in
498 2832 616 2903 cineres,
638 2847 695 2889 non
710 2831 791 2903 illud,
814 2829 890 2903 quod
909 2830 1078 2902 plerumque
1098 2826 1132 2886 fit
1152 2828 1183 2885 in
1203 2828 1257 2886 tali

82 2931 150 2988 meu,
184 2916 368 2990 potissimum
387 2917 508 2976 deneas
539 2916 678 2990 agendum
710 2914 766 2974 sibi
798 2915 922 2989 putavit,
955 2919 987 2972 ut
1018 2913 1256 2988 pretiosissimum

15 3033 16 3048 ι
81 3002 193 3074 quidque
230 3017 326 3060 secum
360 3000 497 3074 auferret,
532 3001 582 3060 sed
614 3007 646 3060 ut
678 3017 774 3059 senem
806 3006 956 3074 parentem
988 2997 1113 3071 deosque
1144 2999 1256 3071 patrios

80 3079 192 3144 flammis
222 3088 349 3159 eriperet
376 3091 601 3160 asportaretque.
646 3086 729 3144 Hane
752 3091 862 3144 tantam
884 3087 1021 3159 pietatem
1044 3085 1160 3157 dignam
1181 3083 1255 3142 iudi-

82 3178 172 3229 carunt
201 3172 258 3244 dii,
293 3189 377 3244 quam
406 3189 460 3244 pro
490 3173 593 3230 merito
623 3173 762 3244 colerent,
796 3187 915 3244 cumque
941 3174 1020 3247 'esset
1047 3170 1078 3227 in
1110 3168 1191 3242 latis,
1224 3174 1258 3226 ut

81 3271 187 3329 regnum
212 3257 370 3315 Troianum
391 3258 421 3314 in
443 3258 530 3316 Italia
557 3262 768 3329 renasceretur,
794 3257 857 3314 iure
878 3256 994 3314 Aeneae
1020 3254 1095 3312 hunc
1116 3254 1256 3337 honorem

80 3339 241 3414 babuerunt,
265 3345 297 3400 ut
318 3341 460 3401 Troianos
483 3343 607 3416 deosque
630 3361 648 3402 a
670 3359 701 3400 se
723 3347 851 3400 seruatos
873 3342 942 3399 illuc
964 3340 1129 3412 deduceret,
1152 3356 1255 3398 novum

80 3427 222 3500 imperium
253 3427 389 3486 conderet
416 3433 447 3486 et
473 3445 524 3487 sua
546 3443 628 3488 saera
651 3443 714 3486 oum
735 3428 825 3486 sacris
846 3427 1046 3500 indigenarum
1068 3426 1256 3484 consociaret.

80 3511 207 3572 Debitum
239 3505 303 3571 erat
328 3514 445 3572 Aeneae
470 3512 599 3586 Latium,
634 3512 731 3571 debita
760 3512 861 3585 edam,
893 3529 952 3570 nou
981 3516 1093 3584 erepta,
1125 3509 1257 3582 Lavinia,

81 3600 159 3657 etiarn
181 3603 249 3657 ante
272 3597 315 3655 illi
337 3598 474 3656 aLatino
496 3603 580 3672 patre
602 3599 751 3672 promissa,
774 3613 859 3670 quam
878 3597 1010 3656 aTurno
1024 3596 1145 3669 petitam
1160 3596 1256 3654 sciret.

80 3681 119 3742 Ita
138 3687 274 3758 apparet,
305 3700 394 3755 quare
421 3700 479 3742 non
506 3685 630 3757 aliquem
652 3683 773 3756 pedibus
794 3683 931 3753 celerem,
959 3671 1059 3750 πόδας
1081 3672 1176 3752 ὠκύν,
1207 3686 1258 3739 aut

81 3774 196 3828 astutum
219 3773 249 3827 et
271 3757 509 3851 πολυμήχανον,
540 3774 590 3827 aut
611 3768 728 3840 flavum,
752 3756 887 3840 ξανθόν,
915 3772 965 3826 aut
986 3768 1031 3826 his
1052 3767 1174 3825 similem
1195 3783 1257 3824 ma·

81 3852 159 3912 luerit
183 3859 286 3928 poeta,
315 3856 367 3912 sed
392 3857 485 3927 pium
510 3855 690 3928 potissimum
718 3852 854 3926 effingere
880 3853 1018 3911 Aeneam.
1062 3853 1106 3910 Ac
1132 3850 1258 3910 fortasse

81 3953 132 3997 non
159 3939 339 3998 aberraverit
367 3957 385 3997 a
413 3957 493 4012 vero,
529 3941 577 4013 qui
611 3939 697 3998 etiam
723 3939 780 3998 hoc
808 3937 864 3996 sibi
892 3938 1077 4012 proposuisse
1104 3936 1257 4011 Virgilium

82 4027 216 4099 abuerit,
238 4030 271 4083 ut
293 4025 454 4084 Romanum
476 4027 626 4099 populum,
650 4024 770 4084 oblitum
792 4024 851 4082 iam
872 4023 967 4082 avitae
989 4024 1115 4095 virtutis,
1137 4021 1175 4081 ad
1197 4023 1258 4096 pri-

83 4107 179 4167 stinam
198 4113 337 4184 pietatem
358 4111 413 4169 hoc
435 4112 561 4169 carmine
582 4111 746 4179 reducerem
776 4125 850 4182 quae
877 4116 932 4168 res'
947 4115 977 4167 et
998 4109 1062 4181 ipsa
1082 4124 1140 4166 non
1162 4109 1258 4182 potuit

81 4209 133 4252 non
161 4195 368 4269 sapientissimo
400 4197 500 4268 cuique
531 4213 566 4255 ex
595 4197 655 4255 eius
686 4194 874 4269 popularibus
902 4195 949 4253 uel
977 4195 1101 4252 maxime
1129 4190 1256 4267 probari.

80 4276 157 4339 Nunc
182 4282 260 4354 vide,
287 4297 364 4363 ¹num
392 4281 514 4340 Achillis
543 4281 692 4354 Ulixisque
721 4297 874 4354 personam
904 4298 922 4340 a
951 4280 1073 4354 Virgilio
1100 4280 1130 4336 in
1157 4278 1258 4336 Aenea

81 4370 318 4438 repraesentatam
339 4368 385 4425 vel
406 4368 468 4440 ipse
487 4367 574 4424 malis
596 4367 641 4424 vel
663 4366 787 4451 Romani
808 4367 944 4425 maluisse
965 4361 1137 4424 videantur?
