2942 4975
199 335 269 401 416
580 333 614 396 Ρ.
635 331 801 397 VIRGILI
822 329 1012 396 MARONIS

291 519 422 586 Devoii.
467 518 595 597 „Solum
617 518 744 583 Aeneas
766 520 886 583 vocat.“
929 517 973 581 Et
994 520 1089 582 vocet
1111 534 1181 594 oro;

292 607 361 670 Nee
375 604 526 669 ¹Drances
548 603 668 685 potius,
691 603 758 667 sive
782 606 832 668 est
854 602 933 673 haec
954 602 1004 668 ira
1026 602 1167 680 deorum,

292 690 399 755 Morte
419 690 502 768 luat,
524 689 590 754 sive
613 693 664 754 est
684 689 786 753 virtus
810 691 843 752 et
865 687 981 769 gloria,
1004 686 1107 751 tollat.

201 860 271 927 445
378 859 430 923 llli
451 859 531 924 haec
552 857 639 922 inter
660 876 696 922 se
718 856 822 922 dubiis
844 857 885 922 de
907 855 1003 921 rebus
1026 856 1165 938 agebant

294 944 478 1010 Certantes:
502 946 608 1008 castra
628 942 754 1008 Aeneas
777 942 942 1023 aciemque
964 941 1121 1006 movebat

291 1030 432 1095 Nuntius
453 1028 577 1110 ingenti
598 1046 658 1109 per
678 1027 768 1109 regia
788 1031 876 1092 tecta
897 1026 1037 1092 tumultu

292 1114 478 1193 Deseruit,
499 1113 687 1194 magnisque
708 1113 822 1177 urbem
843 1111 1020 1177 terroribus
1042 1111 1157 1192 inplet:

292 1200 472 1264 instructos
495 1198 564 1262 acie
586 1197 737 1262 Tiberino
760 1217 779 1262 a
801 1195 930 1262 flumine
953 1197 1094 1262 Teucros

202 1283 554 1366 decumberemus
576 1302 706 1348 manum
727 1282 806 1347 totis
828 1282 1025 1347 descendere
1048 1282 1175 1364 campis.

292 1369 463 1451 Extemplo
485 1367 606 1432 turbati
627 1367 725 1432 animi
748 1384 964 1449 concussaque
985 1367 1072 1448 volgi

293 1454 432 1520 Pectora
454 1458 488 1519 et
509 1457 654 1518 arrectae
675 1451 814 1518 stimulis
836 1452 922 1517 haud
944 1452 1094 1517 mollibus
1115 1453 1192 1518 irae.

293 1540 393 1604 Anna
413 1558 511 1604 manu
532 1538 650 1620 trepidi
671 1543 822 1620 poscunt;
844 1536 955 1602 fremit
976 1557 1064 1603 arma
1085 1538 1244 1617 iuventus,

292 1624 390 1689 Flent
410 1623 525 1689 maesti
545 1628 754 1704 mussantque
776 1626 894 1705 patres.
937 1623 997 1688 Hic
1019 1623 1160 1705 undique
1182 1622 1304 1688 clamor

203 1709 273 1776 455
293 1709 450 1774 Dissensu
471 1707 559 1773 vario
582 1727 715 1790 magnus
738 1727 773 1773 se
796 1707 883 1773 tollit
905 1709 945 1773 ad
967 1727 1073 1774 auras:

292 1793 388 1858 Haud
410 1811 516 1872 secus,
538 1798 635 1874 atque
657 1793 724 1857 alto
745 1793 779 1858 in
800 1793 874 1857 luco
897 1811 970 1859 cum
992 1791 1074 1859 forte
1098 1797 1246 1859 catervae

295 1877 478 1943 Consedere
499 1877 618 1956 avium,
638 1877 805 1959 piscosove
828 1897 921 1942 amne
942 1879 1088 1944 Padusae
1148 1923 1151 1928 ,

294 1963 383 2027 Dant
404 1963 544 2027 sonitum
566 1961 654 2028 rauci
675 1981 734 2044 per
757 1967 871 2044 stagna
892 1963 1038 2045 loquacia
1060 1963 1157 2046 oyem.

294 2048 410 2126 Immo,
432 2047 492 2127 ait,
514 2066 533 2111 o
556 2047 654 2127 cives,
676 2053 806 2128 arrepto
829 2054 974 2130 tempore
998 2049 1133 2128 Turnus,

206 2133 274 2199 460
296 2131 408 2214 Cogite
431 2132 599 2198 concilium
622 2138 656 2198 et
676 2151 789 2214 pacem
810 2132 941 2199 laudate
963 2135 1128 2199 sedentes:

295 2217 347 2282 Illi
368 2219 465 2284 ermis
485 2218 520 2283 in
542 2238 642 2300 regna
662 2223 769 2284 ruunt.
813 2219 881 2284 Nec
902 2220 996 2300 plura
1018 2219 1144 2284 locutus

296 2302 459 2385 Corripuit
481 2321 552 2370 sese
574 2310 609 2370 et
631 2305 725 2369 tectis
749 2303 830 2369 citus
854 2304 969 2370 extulit
990 2304 1072 2370 altis.
1147 2371 1149 2376 .

297 2388 358 2468 Tu,
380 2388 513 2469 Voluse,
536 2390 653 2455 armari
673 2388 863 2455 Volscorum
886 2390 976 2454 edice
997 2388 1156 2470 maniplis;

294 2473 379 2554 Duc,
401 2474 461 2555 ait,
484 2480 518 2541 et
539 2476 683 2541 Rutulos.
725 2475 891 2556 Equitem,
913 2475 1094 2557 Messapus,
1114 2474 1149 2539 in
1171 2471 1278 2551 armis,

207 2558 274 2625 465
296 2560 339 2624 Et
362 2560 556 2627 cumfratre
579 2561 689 2641 Coras,
711 2561 786 2626 latis
809 2560 979 2626 diffundite
1003 2560 1131 2642 campis.

296 2645 375 2709 Pars
398 2645 503 2711 aditus
525 2646 614 2711 urbis
634 2644 756 2726 firmet,
777 2646 940 2728 turrisque
964 2650 1121 2727 capessat

298 2728 429 2810 Cetera,
451 2749 514 2812 qua
534 2731 634 2810 iusso,
656 2750 782 2797 mecum
804 2750 918 2797 manus
938 2730 1057 2796 inferat
1079 2748 1174 2795 arma.

296 2814 390 2878 Ilicet
410 2815 444 2880 in
466 2835 574 2881 muros
595 2821 666 2881 tota
688 2816 878 2882 discurritur
899 2816 987 2881 urbe.

298 2896 474 2971 (huillum
495 2900 564 2983 ipse
586 2907 678 2983 pater
700 2907 734 2966 et
756 2920 873 2984 magna
892 2902 1023 2982 incepta
1043 2898 1177 2965 Latinus

209 2980 278 3047 470
297 2983 428 3049 Deserit
450 3004 488 3050 ac
508 2986 594 3050 tristi
617 2988 766 3053 turbatus
788 2993 935 3068 tempore
955 2986 1071 3065 differt,

300 3068 469 3151 Multaque
491 3086 527 3135 se
546 3070 686 3151 incusat,
708 3072 764 3154 qui
785 3090 850 3137 non
872 3072 1034 3153 acceperit
1054 3070 1140 3136 ultro

298 3154 496 3219 Dardanium
518 3156 650 3222 Aenean
672 3176 892 3241 generumque
914 3156 1085 3223 adsciverit
1106 3155 1186 3221 urbi.

211 3402 337 3470 Achillia!
372 3400 424 3454 443
441 3420 478 3471 sq.
496 3406 588 3455 acerba
605 3405 701 3455 irrisio:
719 3419 764 3454 nec
782 3404 892 3454 Drances
910 3405 993 3470 potius
1011 3410 1102 3471 pugnet
1119 3418 1175 3453 cum
1189 3406 1277 3453 Aenea
1294 3407 1327 3464 et,
1345 3401 1396 3450 sire

211 3485 262 3534 que
279 3472 318 3521 ira
336 3472 436 3522 deorum
454 3474 584 3524 intercedit
594 3474 619 3523 iu
631 3475 677 3523 hoc
688 3474 832 3536 centenius,
850 3488 904 3523 euru
921 3472 985 3523 irem
997 3479 1135 3522 montosus
1151 3471 1215 3534 lunt,
1234 3470 1289 3521 sive
1308 3476 1397 3535 purum

210 3544 252 3587 est
275 3540 377 3591 virtutis
399 3542 570 3605 plurimarum
593 3542 698 3605 glorium
723 3536 862 3608 atterutss
896 3537 1042 3592 sto-531,
1065 3540 1170 3590 Interea
1194 3541 1304 3605 repente
1321 3537 1399 3587 adsto

212 3611 306 3657 nuntio
323 3611 432 3660 Aenean
449 3613 581 3660 trauecta
598 3613 655 3660 acto
671 3610 814 3659 aduentare
831 3609 982 3675 trepidatur
999 3614 1056 3659 tota
1073 3610 1150 3666 urbo,-
1174 3606 1316 3657 concilium
1333 3605 1399 3655 diri-

213 3674 312 3733 meum
329 3681 501 3730 concurritur
517 3678 555 3727 ad
570 3678 736 3742 dissuadenda
753 3680 862 3727 moenia.
902 3674 1006 3727 Turnus
1024 3679 1135 3743 arrepta
1149 3674 1295 3741 pugrrarrdr'
1312 3688 1400 3740 oppor-

215 3742 329 3792 tunitate
356 3744 495 3796 Camillam
521 3761 580 3795 cum
605 3746 725 3811 Messapo
752 3747 882 3811 sputatus
906 3747 1028 3812 praeficit
1050 3746 1257 3811 praemissusque
1281 3744 1400 3793 hostium

214 3810 342 3870 equitium
360 3817 476 3879 opponit3
493 3817 555 3881 ipse,
572 3816 664 3865 itineri
672 3817 780 3865 Aeneas
797 3814 985 3877 insidiaturus,
1002 3817 1105 3863 montes
1122 3812 1254 3877 succoque
1271 3805 1400 3878 occupat}

214 3870 275 3924 452.
298 3876 330 3927 cl.
352 3894 391 3929 vs.
415 3878 491 3951 7284
523 3880 583 3933 453.
607 3898 705 3946 mnu,
729 3882 833 3933 Servius
850 3888 970 3947 „praeter
986 3896 1072 3932 vocem
1096 3886 1218 3944 gestum
1235 3880 1312 3931 etium
1332 3878 1400 3941 dagi-

144 3978 148 3983 .
216 3942 294 3993 tantis
311 3950 459 4022 ewessitf‘
508 3944 864 4017 458.1oqu.,ot12‚4tt.l
899 3946 959 4001 459.
976 3950 1071 4012 immo,
1088 3949 1201 3999 Donatus
1220 3947 1306 4013 „Quid
1325 3946 1400 4012 trepi-

216 4010 299 4059 datis?
322 4013 413 4079 iuquit,
436 4019 468 4067 hu
486 4020 533 4069 etis
555 4026 651 4085 tempus
674 4020 794 4080 otiosnm3
818 4019 901 4069 sedete
922 4018 1004 4084 potins
1026 4024 1053 4068 et
1076 4018 1140 4068 bonu
1157 4016 1226 4082 pacis
1245 4016 1400 4081 quietemque

216 4078 331 4143 laudute,
354 4083 411 4133 dum
428 4084 465 4134 illi
482 4088 559 4137 armis
576 4095 663 4154 optutu
682 4088 852 4153 possideant.“
869 4114 903 4123 -
921 4102 978 4137 arr.
998 4092 1086 4152 temp,
1111 4086 1196 4135 stetim
1212 4098 1275 4135 usus
1293 4098 1401 4135 courmo-

216 4145 296 4199 ditcte
314 4150 364 4213 rei3
382 4150 442 4201 Luc.
456 4150 558 4217 lutus
574 4164 731 4222 „tempore
750 4162 840 4222 rupto
858 4154 954 4205 Caesen
972 4168 1069 4220 semper
1086 4152 1193 4204 feliciter
1209 4149 1314 4219 usus.“{
1342 4147 1401 4203 461.

216 4212 264 4279 llll,
282 4218 340 4269 dum
357 4233 405 4269 vos
421 4222 484 4271 estis
502 4223 588 4287 otiosi,
606 4239 656 4273 rem
675 4231 765 4288 gerunt
784 4225 875 4287 armis,
894 4224 981 4288 quibus
999 4222 1094 4273 scilieet
1110 4221 1222 4286 geronda
1239 4228 1300 4271 suut
1317 4216 1401 4279 tulin!

214 4280 269 4335 464
277 4301 314 4352 sq.
332 4286 467 4410 maraste
479 4297 505 4340 et
517 4290 597 4342 Coras
609 4292 760 4343 Nominativi
778 4292 964 4358 provocativis
977 4288 1073 4341 Graeco
1091 4290 1212 4355 exemplo.
1224 4316 1260 4327 -
1276 4291 1306 4339 tn
1325 4302 1401 4339 armi.

216 4367 240 4403 v.
259 4350 285 4418 5,
302 4351 378 4421 4401
447 4358 471 4412 5.
491 4374 553 4410 eum
563 4359 621 4425 su,
639 4360 739 4423 Catillo,
756 4358 780 4423 7,
799 4358 872 4426 tent
908 4354 967 4411 467.
991 4361 1079 4422 turso,
1101 4355 1220 4425 iussero}
1254 4353 1317 4409 472.
1335 4357 1401 4416 urbi,
