2942 4975
520 302 735 369 AENEIDOS
757 304 838 369 LIB.
858 305 929 371 VII.

219 487 360 554 Errabat
382 488 470 553 silvis
492 508 666 571 rursusque
689 490 729 555 ad
751 490 863 556 limina
884 495 962 555 nota
1014 520 1019 531 ·
1133 477 1152 502 ⁶

219 573 294 654 Ipse
317 575 446 639 domum
469 593 541 639 sera
562 575 704 657 quamvis
727 580 880 641 senocto
902 574 1036 641 ferebat.
1156 607 1165 621 ·

220 657 315 723 Hunc
336 660 449 740 procul
471 665 633 725 errantem
656 660 787 725 rabidae
808 661 955 725 venantis
977 661 1040 726 Iuli

221 742 432 814 commovere
453 762 562 822 55555,
586 744 681 811 fluvio
705 764 776 811 cum
799 744 884 810 forte
906 747 1046 811 secundo

126 826 197 893 495
218 827 384 894 Deflueret
406 829 538 911 ripaque
561 835 670 895 aestus
692 830 851 896 vindaute
872 831 1004 896 levaret

217 912 293 994 Ipse
315 914 425 992 etiam,
448 914 581 981 eximiae
603 916 708 981 laudis
730 933 902 981 succensus
925 933 1042 995 amore,

217 999 373 1063 Ascanius
395 1018 492 1065 curvo
516 1000 633 1065 direxit
653 1001 777 1082 spicula
798 1017 912 1080 comu3

217 1083 248 1147 N
251 1102 286 1149 ec
309 1083 441 1150 dextrae
464 1085 585 1151 erranti
608 1086 687 1151 deus
710 1084 804 1165 51511,
826 1090 962 1166 actaque
984 1086 1087 1151 multo

111 1188 115 1197 ’
216 1168 344 1250 Perque
366 1174 493 1235 uterum
516 1172 623 1236 sonitu
644 1189 765 1253 perque
786 1170 843 1235 ilia
863 1171 953 1235 venit
974 1170 1107 1236 arundo.

129 1250 197 1317 500
219 1253 351 1319 Saucius
374 1259 408 1320 at
430 1255 612 1339 quadrupes
634 1261 713 1321 nota
733 1256 821 1321 iutra
842 1260 930 1321 tecta
950 1255 1080 1339 refugit,

217 1338 444 1423 Successitque
465 1358 596 1421 gemens
619 1341 767 1420 stabulis,
789 1345 970 1423 questuque
992 1345 1146 1407 cruentus

216 1425 324 1507 Atque
345 1425 522 1507 inploranti
543 1426 656 1491 simibs
678 1431 802 1491 tectum
824 1444 918 1491 omne
940 1426 1096 1510 replebat

217 1507 317 1575 Silvia
336 1511 441 1592 prima
462 1530 566 1590 soror,
588 1512 702 1593 palmis
723 1530 879 1593 percussa
900 1511 1048 1591 lacertos,

216 1595 377 1660 Auxilium
398 1601 493 1661 vocat
515 1600 549 1661 et
571 1598 668 1661 duros
692 1598 872 1662 conclamat
893 1596 1039 1677 agrestis.

128 1671 195 1743 505
218 1678 295 1759 Olli,
316 1682 417 1763 pestis
441 1682 525 1746 enim
547 1682 654 1747 tacitis
676 1683 759 1747 latet
781 1700 895 1763 aspera
915 1681 1013 1761 silvis,

215 1764 381 1847 Improvisi·
397 1767 527 1846 adsunt,
548 1766 600 1831 hic
622 1772 710 1833 torre
732 1770 876 1832 armatus
898 1767 1023 1845 obusto,

217 1848 342 1932 Stipitis
363 1851 416 1916 bie
439 1852 561 1933 gravidi
583 1852 688 1932 nodis3
712 1853 799 1934 quod
821 1852 936 1934 cuique
958 1855 1125 1943 repertum

214 1935 370 2016 Rimanti,
392 1936 494 2001 telum
516 1937 565 2002 ira
585 1936 672 2002 lacit
714 1938 819 2003 Vocat
841 1936 969 2020 agurina
990 1936 1142 2019 Tyrrhus,

213 2019 434 2105 'Quadrifidam
456 2040 610 2103 quercum
632 2021 742 2087 cuneis
764 2027 801 2085 ut
822 2020 908 2087 forte
931 2022 1050 2087 coactis

127 2102 194 2168 510
216 2104 402 2187 Scindebat,
427 2112 521 2188 rapta
543 2108 667 2189 spirans
689 2108 818 2172 inmane
838 2107 954 2182 555551.

215 2192 260 2256 At
282 2210 378 2257 saeva
400 2211 418 2257 e
440 2193 578 2274 speculis
601 2197 728 2275 tempus
752 2193 814 2257 dea
834 2195 931 2256 nacta
952 2190 1090 2255 nocendi
1137 2200 1141 2210 ·

215 2276 326 2341 melna
348 2281 436 2343 tecta
448 2278 541 2359 ‚petit
562 2278 682 2343 stabuli
705 2283 739 2343 et
760 2277 802 2341 de
824 2276 963 2341 culmine
985 2294 1108 2341 summo

214 2360 382 2428 Pastorale
406 2363 491 2427 cauit
513 2364 654 2445 signum,
677 2380 841 2443 cornuque
863 2379 998 2425 recurvo

216 2445 404 2514 Tartaream
425 2448 570 2514 incendit
590 2466 717 2527 vocem,
739 2466 804 2530 555
823 2446 971 2529 protinus
993 2462 1088 2510 omne
1176 2465 1184 2474 ·

127 2527 193 2595 515
216 2531 418 2598 Contremuit
439 2553 551 2599 nemus
576 2538 610 2599 et
631 2534 730 2598 silvae
751 2534 923 2597 insonuere
944 2529 1137 2614 proluudae;

214 2617 326 2682 Audiit
348 2623 382 2683 et
403 2619 530 2684 Triviae
552 2620 648 2700 longe
661 2619 773 2697 lacus,
795 2617 898 2682 audiit
919 2617 1022 2682 amnis

214 2701 363 2770 Sullurea
384 2704 452 2770 Nor
474 2705 565 2770 albus
587 2722 671 2785 aqua
692 2703 863 2784 fontesque
885 2701 1000 2781 Velini,

213 2787 258 2852 Et
279 2791 424 2871 trepidae
446 2794 565 2854 matres
587 2807 736 2871 pressere
757 2789 800 2853 ad
820 2792 955 2870 pectora
975 2791 1078 2852 natos
1352 2862 1360 2882 Ι

215 2872 297 2937 Tum
317 2893 395 2940 vero
418 2875 459 2939 ad
480 2893 590 2940 vocem
614 2874 749 2952 celeres,
772 2893 837 2955 qua
857 2873 976 2938 555155
996 2872 1124 2954 signum
1157 2876 1164 2889 '
1227 2913 1239 2926 ·

125 2958 292 3025 52011155
315 2960 417 3038 dedit,
439 2960 541 3041 raptis
564 2963 762 3024 concurrrmt
782 2959 924 3040 undique
946 2957 1021 3022 telis

213 3043 365 3109 Indomiti
388 3043 562 3127 agricolam
584 3063 644 3109 555
666 3063 730 3109 555
755 3047 790 3108 et
811 3043 909 3109 Troia
928 3042 1030 3124 pubes

212 3129 351 3194 Ascanio
374 3131 526 3195 auxilium
550 3129 663 3194 castris
687 3128 823 3194 effundit
845 3129 974 3210 apertis.

211 3213 367 3280 Direxere
390 3215 484 3280 acies.
526 3215 600 3280 Non
621 3215 686 3279 iam
709 3214 885 3279 certamine
907 3212 1037 3295 agresti,

213 3297 382 3381 stipitibus
404 3300 493 3365 duris
515 3299 622 3382 agitur
644 3298 816 3364 sudibusve
837 3298 1008 3380 praeustis,

126 3383 191 3450 525
214 3383 277 3450 Sed
299 3384 386 3451 ferro
409 3384 540 3466 ancipiti
562 3385 756 3465 decernunt,
779 3388 914 3466 atraque
934 3383 1002 3448 late

123 3502 183 3558 492.
202 3505 267 3572 Ipse,
283 3521 309 3555 v.
322 3506 351 3555 ll.
363 3502 389 3566 4,
398 3503 456 3570 214
477 3501 549 3555 495.
564 3505 665 3570 ¹Cervus
684 3504 742 3555 dum
760 3504 854 3565 delinit,
872 3508 970 3553 555155
987 3501 1089 3550 levabat
1101 3507 1130 3550 ut
1140 3498 1219 3564 ipsius
1231 3512 1313 3564 55555

124 3574 228 3638 trifime,
245 3573 283 3623 115
294 3571 391 3638 umba-d,
403 3589 453 3638 555
465 3574 520 3639 ripa
539 3573 650 3622 viridans
666 3573 767 3624 fluvium
785 3572 974 3638 obumbrabat}
1001 3565 1062 3620 496.
1073 3568 1131 3634 Ipse
1141 3570 1237 3617 5115555
1255 3565 1313 3618 Non

124 3643 206 3694 551555
224 3656 299 3692 canes
317 3659 373 3693 enm
391 3657 493 3693 cervum
511 3641 668 3702 enatarunt,
693 3641 736 3690 sed
755 3643 826 3705 1555
848 3643 948 3689 etiam
965 3636 1088 3688 55555155
1106 3635 1200 3698 sagitte
1216 3632 1322 3701 petiit}

123 3707 184 3762 498.
203 3715 314 3774 munli,
332 3712 349 3762 1.
361 3727 383 3761 5.
401 3712 582 3762 inconstantem
601 3707 717 3771 fugientis
733 3709 801 3758 cervi
814 3723 915 3758 cursum
927 3706 1049 3771 sequenti.
1061 3731 1095 3741 —
1112 3704 1187 3766 deus,
1204 3703 1313 3762 Allecto,

123 3781 161 3831 515
178 3779 294 3843 Servius,
316 3780 399 3846 potins
416 3781 483 3830 5515
502 3793 544 3833 τις
562 3767 642 3842 τύχη.
665 3769 742 3837 θεός,
760 3777 837 3839 deus,
855 3776 881 3825 la
898 3773 1013 3837 11515111,
1030 3774 1070 3823 vir
1087 3772 1210 3838 55555155
1227 3772 1313 3824 divine

122 3864 215 3911 regens
233 3863 278 3912 55,
301 3864 365 3914 5555
389 3863 437 3898 555
461 3848 493 3897 ad
510 3853 606 3896 eertum
625 3845 731 3926 5115555
755 3845 827 3894 deum
849 3841 1007 3923 referuntur,
1031 3840 1071 3922 cl.⁸
1081 3839 1124 3905 11,
1142 3837 1216 3895 118]
1250 3835 1310 3892 503.

119 3909 622 4052 aczatluiltntffltrlt
636 3902 1311 4046 caracteres,'osteliadac:

123 4057 234 4113 5555115,
258 4054 376 4111 adactis!
412 4052 470 4106 512.
494 4051 635 4103 arduum
659 4050 826 4101 stabulum
848 4049 872 4098 b.
894 4048 913 4098 1.
935 4054 976 4098 est
996 4049 1124 4112 tugurium
1146 4046 1256 4113 pastoris
1278 4059 1312 4094 ex

122 4137 193 4173 more
210 4123 236 4172 15
254 4123 332 4174 altum
352 4123 445 4189 apicem
463 4117 632 4186 fastigatum!
666 4115 881 4180 alamur,
902 4112 1082 4192 51555191
1116 4110 1311 4174 515551,

120 4191 196 4242 15555
212 4192 329 4242 Aricinus
347 4205 402 4242 cum
420 4205 520 4240 nemore
537 4196 563 4240 et
584 4189 676 4254 templo
694 4187 802 4251 1115555,
827 4201 893 4238 nunc
915 4184 978 4251 tago
995 4182 1175 4237 511115551-
1194 4180 1311 4230 Ceterum

121 4274 148 4309 v.
166 4258 202 4322 Ε,
214 4257 241 4322 4,
258 4256 298 4310 bl
332 4255 393 4310 517.
411 4259 494 4320 51555,
512 4259 600 4324 quippe
617 4256 714 4308 sulfure
731 4256 847 4307 inlectus.
858 4254 928 4320 -J.
947 4253 1013 4316 Vct,
1030 4252 1121 4304 lluvius
1133 4249 1238 4304 Velinus
1255 4260 1311 4296 cun

120 4327 358 4393 lueu'eoguominil
394 4323 453 4380 519.
472 4328 515 4378 ud.
533 4340 565 4391 5.,
584 4325 733 4390 simulatque
748 4325 836 4380 551115
846 4339 897 4374 vox
910 4330 958 4386 est,
975 4330 1004 4372 ut
1013 4317 1040 4382 3,
1050 4316 1124 4388 6691
1157 4315 1217 4368 525.
1229 4314 1312 4380 serre

174 4415 369 4463 viromensis.
1069 4402 1105 4456 2⁰
