2942 4975
483 305 701 374 AENEIDOS
725 307 807 374 LIB.
829 307 901 374 xn.

185 495 352 576 inpresso,
374 493 508 560 dextrae
528 511 715 560 mucronem
739 499 911 578 extorquet
932 499 967 560 et
987 497 1054 562 alto

185 579 379 662 Fulgentem
401 579 520 662 tinguit
539 579 649 660 iugulo
671 585 770 662 atque
791 580 872 645 haec
893 580 1025 662 insuper
1046 583 1151 648 addit:

185 666 252 744 En,
274 681 370 746 agros
392 669 440 744 et,
461 683 559 745 qnam
580 664 679 744 bello,
701 664 854 744 Troiane,
875 665 994 747 petisti,

90 750 164 816 360
185 750 381 832 Hesperiam
401 750 519 815 metire
539 749 665 815 iacens:
687 750 767 814 baec
788 751 945 832 praemia,
968 751 1022 834 qui
1044 771 1096 818 me

186 835 290 900 Ferro
311 834 382 900 ausi
403 839 578 917 temptare,
598 834 723 914 ferunt3
746 835 792 901 sic
813 837 941 902 moenia
962 838 1112 902 condunt

186 920 271 984 Huic
293 920 444 986 comitem
465 919 609 1002 Asbyten
633 919 934 1004 coniecta·cuspide
954 921 1063 1001 mittit,

188 1004 390 1086 Chloreaque
411 1005 621 1088 Sybarimque
643 1005 828 1088 Daretaque
851 1005 1155 1094 Thersilochumque

186 1090 411 1176 Etsternecis
433 1091 508 1172 equi
529 1091 655 1172 lapsum
677 1091 801 1155 cervice
824 1091 1031 1173 Thymoeten.

92 1175 164 1243 365
185 1178 234 1241 Ac
255 1176 348 1240 velut
367 1174 474 1240 Edoni
495 1176 620 1241 Boreae
642 1175 869 1257 cumspiritus
892 1177 957 1242 alto

187 1261 323 1326 insonat
343 1261 488 1342 Aegaeo,
509 1260 719 1342 sequiturque
741 1261 782 1326 ad
804 1260 901 1326 litora
922 1260 1052 1341 fluctns3

187 1345 259 1424 Qua
279 1345 369 1411 venti
390 1346 579 1424 incubuere,
601 1344 709 1428 lugam
731 1346 811 1411 dent
831 1345 942 1412 nubila
964 1347 1069 1412 caelo:

186 1430 240 1496 Sic
262 1431 385 1509 Turno,
408 1449 609 1512 quacumque
631 1430 715 1496 viam
736 1436 839 1510 secet,
862 1431 989 1512 agmina
1012 1433 1132 1498 cedunt

187 1515 434 1597 Conversaeque
455 1522 555 1581 ruunt
576 1516 676 1595 acies3
697 1514 764 1580 fert
785 1515 924 1598 impetus
946 1517 1059 1599 ipsum,

91 1601 164 1667 370
184 1602 231 1666 Et
252 1601 383 1666 mistam
405 1601 540 1666 adverso
564 1619 660 1666 curru
682 1601 788 1682 quatit
809 1619 888 1666 aura
908 1602 1079 1668 volantem.

184 1687 260 1751 Non
283 1685 360 1750 tuht
378 1685 553 1750 instantem
575 1685 724 1767 Phegeus
747 1685 923 1768 animisque
945 1685 1152 1768 frementem

187 1771 317 1836 Obiecit
337 1787 410 1836 sese
432 1770 474 1836 ad
495 1789 624 1836 currum
646 1776 680 1836 ct
701 1771 885 1852 spumantia
905 1770 1007 1838 frenis

187 1855 255 1921 Ora
276 1856 449 1921 citatorum
471 1855 586 1922 dextra
607 1856 744 1921 detorsit
766 1873 931 1938 equorum.

185 1941 272 2006 Dum
293 1940 435 2006 trahitur
454 1940 640 2024 pendetque
661 1939 757 2022 iugis,
779 1941 865 2008 hunc
886 1941 954 2008 lata
974 1949 1134 2010 retectum

95 2026 164 2094 375
185 2027 318 2092 Lancea
338 2026 561 2107 consequitur,
585 2025 770 2108 rumpitque
791 2026 889 2092 infixa
910 2027 1039 2094 bilicem

185 2111 336 2176 Loricam
359 2116 393 2176 et
413 2129 572 2176 summum
595 2111 747 2194 degentet
767 2112 900 2176 volnere
923 2130 1047 2194 corpus.

185 2197 249 2262 Ille
270 2202 381 2262 tamen
403 2196 506 2278 clipeo
529 2196 656 2262 obiecto
678 2213 851 2262 conversus
872 2196 905 2260 in
929 2197 1055 2262 hostem

185 2282 261 2347 Ibat
282 2286 318 2346 et
337 2281 491 2346 auxilium
511 2281 610 2348 ducto
630 2299 784 2347 mucrone
806 2282 954 2364 petebat:

186 2367 268 2432 Gom
288 2371 363 2432 rota
382 2366 593 2448 praecipitem
615 2371 651 2432 et
670 2384 827 2450 procursu
850 2367 994 2432 concitus
1015 2367 1084 2432 exis

95 2453 165 2521 380
185 2452 311 2536 Inpulit
331 2451 531 2535 effunditque
552 2453 636 2532 solo,
659 2452 850 2534 Turnusque
872 2458 1002 2519 secutus

185 2539 290 2604 Imam
310 2538 398 2603 inter
418 2538 543 2620 galeam
564 2539 680 2603 summi
700 2538 843 2603 thoracis
865 2543 899 2604 et
921 2558 994 2603 oras

186 2623 332 2691 Abstulit
353 2641 431 2689 ense
454 2629 563 2706 caput,
585 2629 799 2704 truncumque
821 2622 953 2705 rehquit
974 2642 1099 2689 menae.

269 2710 378 2790 Atque
400 2727 440 2773 ea
461 2698 537 2773 dum
559 2709 680 2791 campis
701 2709 805 2773 victor
828 2709 883 2775 dat
904 2707 1019 2775 funera
1040 2710 1178 2790 Turnus,

186 2794 318 2859 Interea
339 2797 473 2859 Aenean
495 2794 684 2859 Mnestheus
706 2799 741 2861 et
762 2790 845 2862 fidus
867 2794 1014 2860 Achates.

95 2879 407 2961 centenariosque
429 2897 536 2944 comes
559 2879 674 2944 cestris
695 2879 841 2944 ¹statuere
864 2885 1041 2961 cruentum,

186 2966 341 3029 alternos
361 2964 460 3047 longa
480 2964 638 3029 nitentem
661 2964 793 3047 cuspide
815 2982 953 3047 gressus

186 3050 312 3129 Saevit,
334 3054 369 3116 et
388 3048 527 3115 infracta
548 3050 691 3115 luctatur
713 3050 871 3115 arundine
893 3051 995 3116 telum

97 3169 160 3223 359.
178 3185 271 3235 agree,
289 3184 352 3235 quoe
370 3168 505 3236 praemium
523 3169 646 3220 victoriae
663 3176 688 3220 te
705 3170 819 3239 accipere
842 3185 917 3235 posse
938 3169 1081 3239 credebas!
1114 3168 1174 3223 360.
1192 3174 1291 3222 metire

97 3243 158 3301 iac,
177 3252 337 3298 sarcasmum
355 3238 460 3289 &evius
476 3253 539 3301 „cor
571 3252 599 3287 re
611 3244 655 3288 tuo
667 3238 770 3298 metire3
789 3240 925 3288 metiuntur
937 3246 1020 3289 autem
1032 3253 1117 3303 egros,
1134 3240 1176 3304 qui
1193 3239 1287 3291 colonis

97 3304 273 3373 eseigmntf‘}
305 3302 366 3357 363.
385 3254 600 3372 memmi„
621 3322 646 3356 v.
670 3304 696 3369 3,
718 3302 795 3374 4644
828 3303 880 3357 366
898 3322 950 3372 eqq.
975 3309 1066 3358 fluctus
1090 3308 1215 3372 sequntur,
1237 3323 1288 3372 quo

96 3376 245 3442 impellitur,
262 3380 288 3424 et
305 3375 342 3425 ite
359 3382 433 3425 ectus
450 3373 576 3441 pertendit
593 3376 626 3424 ed
643 3375 735 3433 litore3
755 3376 793 3425 bie
811 3374 962 3441 respondent
978 3376 1058 3425 verba
1072 3372 1163 3425 Turno
1175 3378 1286 3439 mina

97 3445 202 3508 cedunt,
219 3450 307 3493 eoetre
325 3446 408 3493 muel
425 3447 496 3495 eries
514 3444 566 3493 hie:
578 3443 683 3509 sugam
700 3444 766 3493 dant
784 3440 897 3509 acula!
929 3439 990 3493 367.
1001 3443 1072 3509 fug.
1085 3444 1119 3504 3.,
1135 3459 1160 3492 v.
1173 3440 1198 3505 5,
1210 3439 1270 3493 276.

96 3508 157 3563 366
173 3514 247 3562 oe'em
262 3527 328 3573 rec,
350 3516 379 3561 ut
395 3506 422 3574 6,
439 3507 504 3573 900,
527 3512 626 3577 τέμνει
647 3502 734 3569 ὁδόν,
760 3511 911 3561 translatum
933 3512 965 3561 ab
988 3510 1077 3561 itinere
1098 3512 1222 3561 maritimo
1252 3526 1268 3561 a

95 3578 260 3701 {wib
272 3576 1290 3715 3333633.Ἢᾍζίῗιᾞὲἶῗῐὲέὶὶξέἳ3333333ξῖ3

96 3723 213 3784 ,μω
239 3684 307 3766 aba
330 3714 390 3766 rost
410 3713 522 3780 amq
555 3714 616 3768 cuo.
632 3716 689 3781 au,
713 3733 738 3766 v.
756 3714 783 3779 a,
799 3712 874 3784 sorq
908 3713 959 3767 are
977 3732 1013 3781 q.
1037 3719 1151 3783 praep
1222 3717 1288 3787 up,

94 3786 129 3837 bn
163 3785 204 3847 lit,
221 3789 251 3834 ut
266 3782 468 3851 praecipitaret}
500 3780 560 3835 380.
578 3789 697 3849 eecutue,
716 3800 794 3835 curru
811 3784 913 3835 desiluit
930 3784 962 3835 ad
979 3798 1034 3835 cum
1052 3784 1288 3854 obmuuceudumfl

95 3802 246 3906 3831-445.
265 3852 370 3903 Interea
393 3852 567 3903 intercederem
587 3853 678 3905 divisa
698 3855 797 3903 mate-ie
820 3868 900 3919 opera
923 3858 1034 3903 carcim-
1058 3856 1085 3903 e'n
1109 3858 1207 3907 casim
1230 3871 1289 3906 ooo·

95 3923 261 3987 celerrime
272 3921 394 3982 Aeeeeeee
405 3925 463 3971 trem
473 3923 615 3987 meopte
627 3924 713 3971 arenis
723 3922 816 3987 filium
829 3921 866 3970 ed
876 3920 1036 3971 aemulanda
1048 3922 1169 3991 eeeneplu
1179 3926 1287 3975 virtuto

96 3992 242 4043 doneeltm
266 3990 418 4039 cohortatur
441 4004 502 4038 ecee
524 3991 659 4052 mutter,
681 3992 729 4054 que·
746 3992 848 4039 circem
863 3992 951 4055 iprum
976 3993 1069 4053 meet,
1092 3996 1192 4043 oerore
1209 3987 1287 4056 escit!

94 4056 155 4110 386.
174 4070 281 4108 comm
302 4056 432 4107 Mnestheo
453 4063 480 4107 et
496 4057 608 4107 Mhetee
625 4057 736 4109 Aeuom
760 4058 783 4106 iu
808 4064 893 4108 cestra
917 4058 1093 4110 reducentibus
1110 4060 1233 4111 ememus
1257 4072 1285 4107 ee

94 4126 212 4191 edlmeit
229 4123 369 4192 comitem}
400 4122 461 4177 386.
479 4126 622 4191 putabimus
640 4127 762 4189 aarum,
786 4126 884 4190 quoties
906 4127 1066 4179 vulnmtum
1082 4128 1169 4193 pedem
1187 4138 1285 4191 mono·

94 4203 179 4258 reret,
197 4193 356 4244 claudieeeee
373 4206 451 4258 eeque
467 4193 517 4243 ime
535 4194 610 4243 laste
628 4191 810 4261 (σαυρωτῆρι)
829 4194 914 4244 nixum
933 4202 1106 4259 emtenteeee3
1124 4194 1199 4245 Silius
1213 4190 1237 4255 6,
1251 4188 1286 4243 ‘le
1373 4242 1375 4246 .

93 4264 257 4331 „Lepeeutee
266 4262 405 4326 sedtum
427 4267 543 4312 trunceta
566 4262 668 4327 euepide
690 4262 822 4326 memus.“
845 4262 931 4314 Valer.
951 4263 989 4313 Fl.
1007 4261 1033 4325 3,
1050 4261 1083 4314 93
1107 4260 1284 4323 „Alternoe

93 4343 175 4397 tegre
203 4334 415 4382 cunctantem
441 4330 534 4396 poplite
558 4327 745 4396 gressum
790 4326 850 4381 uel.
874 4329 992 4395 „Sueoit,
1018 4331 1055 4414 eit
1076 4328 1192 4392 Servius,
1218 4328 1284 4394 quod
