2942 4975
210 330 253 397 32
586 326 620 391 Ρ.
642 324 809 391 VIRGILI
829 324 1022 391 MARONIS

298 542 328 580 n.
367 514 548 595 OLycida,
571 512 633 578 vivi
656 511 874 593 pervenimus,
897 512 1021 577 advena
1041 510 1152 590 nostri,

299 599 368 677 Quo
391 617 563 679 numquam
585 596 680 663 veriti
702 615 827 675 sumar,
849 602 886 661 ut
907 614 1073 678 possessor
1095 596 1192 677 agelli

296 684 442 749 Diceret:
464 684 553 752 Haec
576 702 648 748 mea
669 687 760 760 suut;
781 686 909 749 veteres
931 681 1069 763 migrate
1089 681 1202 746 coloni.

254 770 275 833 5
298 770 391 834 Nunc
412 769 504 853 victi,
526 769 651 846 tristes,
674 766 824 849 quoniam
845 766 926 831 Fors
948 766 1056 833 omnia
1076 772 1192 845 versat,

298 855 366 920 Hos
387 854 435 918 illi
456 892 500 901 —
523 854 608 935 quod
629 871 689 919 nec
711 856 820 917 vertat
841 852 924 916 bene
947 886 985 897 —-
1009 851 1165 915 mittimus
1187 851 1319 917 haedos.

298 965 323 1004 n.
367 938 462 1004 Certe
486 939 635 1020 equidem
657 937 835 1014 audieram,
857 955 920 1017 qua
942 954 978 1001 se
1000 936 1178 1002 subducere
1202 937 1303 1002 colles

297 1024 459 1106 Incipiunt
480 1024 633 1105 mollique
655 1022 765 1104 iugum
788 1020 959 1088 demittere
982 1021 1073 1101 cliro,

298 1110 408 1190 Usque
431 1109 472 1173 ad
493 1128 608 1190 aquam
632 1112 666 1172 et
686 1106 820 1184 veteris,
842 1107 905 1171 iam
927 1105 1030 1172 fracta
1053 1106 1232 1186 cacumina,
1255 1105 1345 1188 lagos

238 1194 278 1259 10
301 1193 416 1259 Omnia
438 1194 630 1259 carminibus
651 1197 796 1259 vestrum
818 1210 963 1257 servasse
984 1191 1163 1257 Menalcan.

300 1305 330 1343 n.
367 1278 545 1351 Audiense?
584 1283 617 1343 et
638 1276 723 1343 fama
744 1276 819 1356 fuit3
841 1276 898 1341 sed
921 1275 1062 1342 carmina
1083 1281 1209 1341 tantum

300 1364 421 1439 Nostra
441 1364 566 1443 valent,
588 1362 722 1446 Lycida,
744 1362 809 1427 tela
829 1361 914 1427 iuter
936 1361 1068 1441 Martia,
1087 1366 1243 1443 quantum

301 1448 457 1515 Chaonias
480 1449 591 1514 dicunt
613 1448 719 1530 aquila
740 1447 891 1511 veniente
914 1447 1085 1511 columbas.

301 1534 392 1611 Quod
414 1533 476 1599 nisi
498 1553 548 1599 me
571 1550 770 1615 quacumque
791 1550 891 1610 novas
911 1531 1053 1597 incidere
1074 1531 1149 1595 lites

239 1620 279 1683 lb
301 1621 386 1684 Ante
410 1619 539 1684 sinistra
562 1638 638 1684 cara
659 1617 835 1684 monuisset
857 1616 896 1681 ab
917 1616 991 1682 ilice
1014 1617 1131 1694 cornix,

300 1704 368 1771 Nec
391 1709 465 1770 tuus
487 1704 539 1769 hic
562 1703 696 1781 Moeris,
718 1721 779 1767 nec
800 1701 925 1767 viveret
944 1702 1013 1784 ipse
1035 1702 1207 1767 Menalcas.

299 1808 326 1855 n.
367 1790 448 1867 Heu,
471 1790 556 1855 cadit
577 1789 610 1853 in
633 1806 825 1869 quemquam
844 1792 969 1852 tantum
984 1786 1110 1852 scelus?
1136 1786 1209 1866 beu,
1232 1792 1290 1854 tua
1307 1786 1401 1853 uobis

300 1875 407 1939 Paene
430 1874 524 1938 simul
545 1880 652 1938 tecum
675 1872 790 1939 solatia
811 1878 917 1953 rapta,
939 1872 1106 1940 Menalca?

301 1960 378 2038 Quis
399 1964 530 2023 caneret
551 1957 735 2041 Nymphas?
773 1957 844 2039 quis
864 1958 994 2021 humum
1017 1956 1205 2023 florentibus
1227 1957 1335 2023 herbis

235 2044 278 2109 20
300 2044 486 2126 Spargeret,
509 2048 565 2109 aut
586 2042 679 2109 viridi
701 2041 799 2108 fontis
821 2043 989 2107 induceret
1010 2042 1144 2107 umbra?

299 2130 361 2195 Vel
383 2148 465 2211 quae
487 2128 612 2210 sublegi
635 2126 751 2193 tacitus
774 2127 834 2192 tibi
857 2127 998 2193 carmina
1018 2146 1128 2209 nuper,

301 2214 380 2280 Cum
403 2219 436 2279 te
458 2215 498 2280 ad
521 2214 650 2282 delicias
673 2212 790 2292 ferres,
812 2212 1023 2294 Amaryllida,
1045 2213 1193 2278 nostras?

301 2298 858 2468 1111111111..-1111
880 2302 931 2448 rt
951 2298 1357 2466 citrensem

300 2436 316 2465 tt
716 2433 724 2463 i
866 2433 873 2463 1

236 2470 277 2536 25
301 2471 495 2552 „Occursare
519 2490 627 2553 capro,
650 2489 749 2536 cornu
771 2468 847 2535 ferit
868 2468 938 2548 ille,
967 2472 1089 2534 caveto.

299 2584 329 2634 n.
368 2558 469 2622 Immo
492 2557 585 2634 haec,
608 2574 691 2637 quae
713 2555 799 2620 Varo
822 2555 958 2624 necdum
980 2553 1125 2638 perfecta
1148 2553 1298 2618 canebat:

300 2641 417 2720 „Vare,
440 2647 530 2705 tuum
553 2659 683 2719 nomen,
707 2645 839 2721 superet
861 2640 955 2704 modo
977 2639 1111 2705 Mantua
1132 2637 1233 2718 nobis,

301 2725 452 2804 „Mantua
473 2744 532 2790 vae
550 2726 691 2790 miserae
714 2725 847 2789 nimium
869 2725 974 2789 vicina
996 2724 1182 2803 Cremonae,

215 2913 278 2979 quod
303 2927 334 2962 ex
360 2913 472 2978 proximo
498 2913 574 2964 ducit
597 2914 764 2979 repetendum.
800 2912 905 2964 Theocr.
931 2910 973 2974 14,
996 2909 1054 2978 421
1087 2910 1111 2963 2.
1130 2913 1193 2972 uita,
1218 2912 1322 2962 Servius
1340 2913 1404 2974 „diu

213 2982 351 3042 vivendo;“
370 2979 511 3046 putabimus
530 2982 605 3044 igitur
623 2981 725 3032 Moerim
744 2987 828 3032 aetate
844 2982 893 3032 ianr
911 2982 1091 3047 provectiorem
1108 2977 1185 3048 aare]
1219 2979 1237 3030 2
1255 2996 1292 3046 sq.
1311 2997 1403 3047 perve-

213 3052 292 3100 nimus
311 3065 355 3110 eo,
375 3064 571 3114 quorumquam
590 3066 634 3100 nos
653 3057 817 3115 perventuros
836 3051 990 3114 putavimus,
1018 3057 1046 3100 ut
1063 3050 1160 3099 advena
1209 3064 1309 3100 ssessor
1326 3050 1404 3113 agelli

212 3119 292 3168 nostri
314 3118 418 3179 diceret3
443 3131 467 3166 v.
487 3116 509 3181 1,
528 3114 585 3186 541
617 3115 641 3168 5.
659 3121 733 3180 victi,
758 3119 871 3184 oppressi
896 3133 910 3168 a
936 3115 1138 3185 potentioribus}
1170 3065 1208 3167 60
1214 3116 1286 3182 Quae
1309 3133 1352 3168 res
1376 3120 1402 3168 iu

213 3189 274 3250 eius,
293 3187 351 3235 aovi
369 3186 428 3247 heri,
448 3186 578 3251 perniciem
596 3194 718 3238 vertatur.
734 3214 768 3223 -
786 3202 846 3238 nec:
865 3202 909 3252 pro
927 3203 980 3238 nen
999 3187 1091 3250 antiqui
1110 3201 1186 3251 saepe
1204 3186 1322 3236 dinemnt
1340 3203 1401 3247 aee,·

212 3257 276 3305 unde
295 3253 386 3304 tactum
405 3259 443 3302 est
461 3270 568 3319 negare,
594 3258 736 3320 aeg-otium,
761 3272 808 3304 nee
825 3258 943 3320 opinans,
968 3271 1015 3305 nec
1032 3270 1142 3316 rumor,
1166 3261 1193 3303 et
1209 3255 1307 3317 similia,
1325 3270 1351 3304 v.
1369 3259 1401 3305 A.

213 3321 253 3387 12,
273 3320 338 3386 534,
364 3328 492 3387 praeterea
511 3339 568 3386 nee,
593 3325 649 3388 quia
668 3323 757 3374 fortius
774 3323 894 3386 negabat,
913 3338 986 3388 quam
1004 3340 1069 3386 aron,
1094 3323 1241 3388 quibusdam
1259 3324 1402 3374 detestandi

210 3391 323 3444 formulis
349 3391 479 3441 convenire
496 3391 575 3440 visum
600 3398 651 3454 est,
676 3399 704 3443 ut
723 3392 746 3440 b.
765 3392 782 3442 1.
801 3398 827 3441 et
844 3391 908 3457 apud
926 3391 987 3441 Plin.
1005 3392 1084 3457 Epist.
1102 3390 1127 3454 2,
1145 3388 1205 3454 2,3
1229 3390 1311 3454 „Illud
1337 3393 1403 3442 enim

210 3477 265 3512 nec
284 3462 316 3511 dii
334 3459 442 3510 sinaut.“
458 3487 493 3494 —
510 3463 655 3510 animemus:
682 3466 813 3526 portamus
831 3460 940 3521 absenti,
964 3460 988 3508 in
1013 3460 1075 3510 urbe
1093 3460 1203 3522 ‹legent13
1228 3458 1260 3510 cf.
1279 3457 1304 3524 3,
1323 3457 1357 3510 71
1376 3468 1404 3511 et

211 3529 311 3580 Terent.
331 3529 429 3579 Phorm.
449 3526 472 3590 1,
492 3526 515 3591 1,
535 3523 591 3596 16.Ι
625 3524 694 3593 lsq.
723 3543 771 3593 qua
796 3528 872 3578 colles
897 3529 1042 3578 decrescunt
1066 3535 1092 3579 et
1116 3529 1233 3594 paulatim
1255 3529 1291 3578 itu
1316 3530 1403 3596 depri-

210 3605 317 3660 muntur,
336 3602 364 3647 ut
382 3597 406 3646 in
425 3596 514 3646 clivum
531 3596 610 3646 leuem
628 3611 731 3646 ascensu
750 3595 885 3662 desinant!
918 3593 941 3646 9.
960 3612 1071 3662 aquam,
1098 3595 1219 3647 Mincium.
1239 3596 1357 3648 Ceterum
1375 3615 1400 3648 v.

210 3663 235 3727 2,
253 3662 303 3730 31,
328 3663 368 3716 10.
387 3665 435 3714 Per
452 3664 579 3715 Menalcan
598 3665 752 3728 significatur
770 3663 903 3728 Virgilius,
926 3666 967 3729 qui
990 3680 1035 3730 per
1053 3666 1161 3715 carmina
1180 3679 1226 3714 sua
1243 3665 1356 3716 fautores
1374 3674 1403 3717 et

211 3733 386 3798 deprecatores
404 3740 491 3783 nactus
509 3749 597 3797 agrurn
617 3747 687 3782 sumn
706 3728 860 3800 receperat}
887 3730 927 3782 13.
946 3732 1077 3784 Chaoniae
1088 3734 1168 3785 dictae
1180 3743 1283 3799 propter
1295 3737 1401 3786 oracula

209 3817 253 3867 per
277 3800 403 3850 columbas
428 3817 448 3850 s.
468 3803 595 3867 palumbes
613 3802 636 3850 iu
661 3801 716 3852 luco
741 3801 873 3852 Dodonaeo
899 3802 979 3864 editu3
1005 3802 1107 3853 Dodona
1134 3803 1195 3852 urbs
1212 3802 1281 3868 Epiri
1306 3804 1365 3855 olim
1384 3820 1402 3854 a

210 3869 350 3921 Chaonibus
369 3869 494 3932 habitata3
520 3876 587 3920 etr.
608 3870 631 3932 1,
649 3865 708 3936 aa}
742 3865 782 3918 14.
801 3868 831 3918 cf.
850 3867 879 3919 G.
900 3868 923 3932 1,
942 3865 1016 3940 1551
1049 3868 1089 3921 15.
1107 3871 1198 3920 monita
1217 3872 1321 3921 cornicis
1346 3878 1401 3922 tum

209 3945 266 3990 rata
285 3944 342 3988 sunt
359 3943 385 3986 et
402 3944 517 3988 eventum
535 3938 664 4001 habitura,
690 3936 1005 4008 comministratores]
1040 3936 1080 3990 18.
1099 3940 1210 3989 carmina
1232 3939 1287 3989 eius
1311 3940 1335 3989 ia
1361 3942 1400 3989 bis

208 4012 345 4072 temporum
363 4005 467 4056 miseriis
485 4022 533 4056 uua
552 4005 640 4056 solatia
659 4022 714 4056 esse
731 4003 901 4074 videbantur!
932 4003 973 4056 19.
993 4008 1057 4070 (iuis
1076 4024 1097 4057 c.
1117 4006 1156 4068 Ν,
1176 4008 1221 4057 boc
1240 4009 1271 4056 ad
1290 4009 1399 4058 Ambar-

207 4075 300 4124 valium
319 4074 506 4124 sollemnitatem
523 4074 623 4124 videtur
641 4081 767 4140 spectare3
787 4088 812 4122 v.
824 4071 848 4135 5,
862 4070 902 4123 75.
915 4101 949 4110 -
968 4073 1029 4139 Quis
1042 4076 1142 4126 humum
1155 4076 1299 4126 florentibus
1313 4077 1400 4127 herbis

208 4158 329 4208 sparsam,
349 4143 402 4208 quis
421 4141 501 4192 fontes
519 4143 651 4193 arboribus
669 4143 793 4194 umbrosis
809 4142 916 4192 consitos
937 4145 1055 4194 cenerati
1073 4158 1098 4194 v.
1119 4139 1144 4207 6,
1159 4141 1193 4194 46
1211 4150 1237 4192 et
1254 4142 1396 4206 Α.1,165.

208 4208 231 4274 7,
250 4208 325 4281 4631
357 4209 398 4262 20.
416 4213 463 4260 vir.
481 4213 590 4272 umbra,
615 4225 640 4258 v.
658 4214 688 4258 A.
709 4208 731 4272 7,
749 4205 825 4277 4631
862 4208 903 4260 21.
923 4208 984 4274 Quis
1007 4218 1107 4262 caneret
1132 4212 1172 4261 vel
1196 4211 1253 4273 illa,
1278 4215 1320 4263 vel
1345 4214 1400 4263 tale

208 4280 308 4345 aliquid,
326 4279 399 4345 quale
416 4293 494 4344 nuper
511 4279 557 4328 tibi
575 4277 677 4340 sublegi,
696 4279 710 4328 i.
724 4293 745 4328 e.
763 4283 789 4326 te
807 4293 853 4326 uon
867 4279 993 4343 sentiente,
1011 4295 1066 4331 curn
1080 4280 1155 4330 caneb
1211 4295 1245 4329 ex
1256 4286 1282 4330 te
1295 4279 1395 4355 didici}

206 4345 247 4398 22.
267 4349 368 4415 Spectat
391 4348 429 4398 bie
453 4361 491 4396 vs.
516 4346 547 4396 ad
567 4344 672 4396 'rmore
689 4345 716 4409 3,
734 4341 774 4416 1.Ι
796 4343 907 4397 23-25.
931 4345 1038 4398 Theocr.
1055 4346 1080 4412 3,
1097 4345 1174 4398 3-5.
1212 4344 1247 4400 27
1265 4363 1303 4414 sq.
1320 4349 1395 4414 Vide,

67 4534 867 4946 ,fisa
