2942 4975
398 290 405 297 ⁸
486 306 731 373 -AENEIDOS
753 298 838 374 'LIB.
861 309 886 374 l

187 492 259 557 Neo
282 496 350 560 tam
372 510 504 558 aversus
527 511 626 575 equos
650 494 746 577 Tyria
767 494 822 562 Sol
843 497 947 579 iungit
968 498 1009 566 ab
1031 499 1121 565 urbe.

189 577 256 641 Seu
278 596 335 643 vos
357 576 548 659 Hesperiam
570 598 719 660 magnam
742 580 955 663 Saturniaque
977 602 1062 663 arua,

93 661 166 726 570
189 662 265 727 Sive
288 664 400 745 Erycis
424 662 495 728 finis
517 682 691 746 regemque
714 667 833 747 optatis
854 669 1003 747 Acesten,

190 748 321 814 Auxilio
344 752 434 813 tutos
457 748 629 829 dimittam,
653 751 830 833 opibusque
852 752 976 817 iuvabo.

187 832 296 898 Voltis
321 840 354 899 et
375 833 425 897 his
449 850 573 901 meeum
595 836 717 917 pariter
740 837 906 910 considere
928 839 1048 920 regnis:
1085 842 1088 846 ’

187 918 313 983 Urbem
337 938 432 1003 quam
456 924 577 997 statuo,
599 924 708 985 vestra
731 927 793 1000 est3
815 922 984 987 subducite
1005 924 1108 1003 navia

188 1004 273 1068 Tros
296 1004 475 1089 Tyriusque
497 1004 574 1069 mihi
596 1006 684 1070 nullo
708 1006 890 1071 discrimine
912 1012 1035 1089 agetur.

95 1088 165 1154 575
188 1090 299 1171 Atque
322 1090 446 1153 utinam
468 1108 525 1155 rex
546 1090 614 1173 ipse
637 1092 722 1155 Noto
746 1093 928 1173 compulsus
951 1094 1065 1159 eodem

188 1172 330 1240 Adloret
351 1174 489 1241 Aeneas!
526 1174 685 1257 Equidem
706 1195 766 1257 per
788 1178 885 1243 litora
906 1183 1012 1243 certos

187 1259 361 1325 Dimittam
384 1264 418 1324 et
438 1258 559 1343 Libyae
583 1260 720 1325 lustrare
744 1266 889 1327 extrema
909 1263 1034 1343 iubebo,

187 1344 224 1409 Si
246 1345 362 1426 quibus
386 1345 505 1410 eiectus
528 1344 616 1411 silvis
639 1352 695 1425 aut
717 1347 850 1413 urbibus
873 1353 968 1413 errat

230 1510 234 1515 .
268 1430 334 1495 'His
356 1430 497 1496 animum
519 1432 637 1497 arrecti
659 1432 753 1497 dietis
776 1437 810 1497 et
831 1432 925 1499 fortis
945 1434 1086 1501 Achates

95 1515 164 1581 580
187 1516 234 1580 Et
256 1520 350 1597 pater
372 1516 498 1601 Aeneas
519 1515 705 1581 iamdudum
729 1536 897 1600 erumpere
919 1520 1037 1585 nubem
1139 1562 1145 1597 ι,

187 1600 368 1666 Ardebant.
411 1600 504 1665 Prior
524 1603 657 1667 Aenean
680 1604 853 1685 compellat
874 1604 1027 1670 Achates:

186 1686 276 1751 Nate
300 1686 373 1763 dea,
396 1705 479 1768 quae
502 1705 586 1751 nuno
609 1687 714 1755 animo
737 1689 899 1753 sententia
920 1690 1044 1771 surgit?

188 1771 307 1837 Omnia
329 1777 400 1836 tuta
421 1771 523 1849 vides,
547 1773 682 1839 classem
704 1773 871 1855 sociosque
893 1780 1050 1856 receptos.

187 1857 283 1922 Unus
307 1857 412 1943 abest,
434 1856 539 1921 medio
562 1857 594 1921 in
617 1854 716 1923 fluctu
740 1878 835 1939 quem
857 1860 993 1925 vidimus
1014 1860 1075 1941 ipsi

95 1940 164 2005 585
189 1942 415 2027 Submersum3
438 1942 532 2006 dictis
554 1943 751 2025 respondent
773 1950 882 2009 cetera
904 1945 1024 2011 matris.

187 2027 252 2092 Vix
275 2046 315 2092 ea
335 2026 420 2091 fatus
444 2033 528 2105 erat,
550 2046 624 2095 oum
647 2028 839 2095 circumfusa
860 2036 993 2111 repente

188 2112 317 2177 Scindit
339 2132 374 2177 se
395 2113 496 2178 nubes
520 2118 552 2177 et
574 2114 607 2179 in
630 2114 764 2181 aethera
783 2120 902 2196 purgat
923 2120 1080 2197 apertum.

188 2198 325 2263 Restitit
346 2200 472 2263 Aeneas
496 2199 645 2280 claraque
666 2199 700 2263 in
723 2200 794 2264 luce
817 2199 953 2279 refulsit

190 2283 236 2347 Os
259 2284 473 2365 humerosque
497 2284 557 2348 deo
572 2284 705 2363 ¹similis;
730 2304 867 2366 namque
889 2285 959 2365 ipsa
980 2285 1129 2353 decoram

96 2367 165 2432 590
190 2368 377 2434 Caesariem
398 2373 474 2433 nato
498 2370 644 2451 genetrix
667 2370 838 2451 lumenque
860 2370 1010 2435 iuventae

188 2456 451 2538 Purpureum-et
472 2452 575 2520 laetos
599 2455 704 2520 oculis
721 2453 857 2522 adflarat
878 2455 1030 2521 honores:

191 2539 295 2618 Quale
318 2559 431 2605 manus
454 2540 577 2607 addunt
600 2541 689 2614 ebori
711 2541 822 2619 decus,
849 2546 907 2606 aut
928 2541 982 2608 ubi
1004 2540 1086 2607 flauo

189 2628 372 2708 Argentum
394 2625 547 2711 Pariusve
569 2626 649 2709 lapis
672 2626 888 2691 circumdatur
908 2645 996 2692 auro.

190 2712 274 2775 Tum
297 2711 343 2775 sic
365 2711 510 2792 reginam
533 2711 729 2793 adloquitur,
754 2712 940 2794 cunctisque
962 2717 1098 2794 repente

97 2797 166 2862 595
190 2797 378 2878 Improvisus
401 2795 459 2860 ait:
484 2795 611 2875 Coram,
634 2814 730 2878 quem
753 2798 921 2878 quaeritis,
943 2797 1065 2877 adsum,

191 2881 308 2946 Troius
330 2883 470 2958 Aeneas
492 2881 619 2964 Libyeis
644 2887 773 2963 ereptus
797 2883 837 2947 ab
861 2883 962 2948 undis.

190 2967 220 3032 Ο
244 2967 314 3031 sola
333 2965 481 3032 infandos
505 2965 620 3033 Troiae
643 2967 796 3032 miserata
817 2969 952 3048 labores,

97 3181 188 3232 reiecti
209 3193 303 3237 sumus.
322 3196 369 3246 quo
387 3181 455 3231 nulla
473 3181 561 3230 harum
580 3193 662 3230 rerum
682 3179 770 3230 notitia
787 3181 925 3245 perveniat.
975 3177 1035 3233 569.
1052 3197 1078 3233 v.
1096 3197 1135 3232 vs.
1147 3179 1199 3233 225
1217 3190 1242 3233 et
1260 3182 1290 3234 G.

96 3247 225 3327 2,173.Ι
260 3244 319 3299 570.
339 3248 414 3314 Erga
432 3263 500 3298 mons
519 3245 640 3316 Siciliae!
674 3243 734 3298 572.
760 3264 785 3298 r.
804 3247 835 3299 G.
853 3247 878 3311 2,
896 3244 928 3300 51
949 3254 1140 3317 .-par1'ter,
1163 3252 1292 3316 puricum

98 3318 192 3368 Poenis
218 3317 296 3388 rure}
331 3313 389 3367 573.
414 3324 442 3368 ut
466 3317 566 3368 Terent.
590 3317 702 3368 Eunueh.
725 3313 794 3380 4‚3‚
814 3315 845 3365 11
874 3317 1084 3380 ,stannatum
1108 3335 1179 3384 quem
1203 3321 1292 3370 dedisti

97 3387 188 3449 uobis,
214 3399 278 3449 quas
301 3385 390 3434 turbas
415 3382 525 3452 dehitt‘l
561 3379 620 3436 575.
646 3383 728 3436 Notus
753 3392 779 3434 et
796 3383 878 3435 llurus
902 3388 967 3452 apud
990 3393 1077 3451 poetas
1102 3402 1177 3454 saepe
1194 3389 1290 3437 omnino

97 3456 212 3520 aliquem
232 3455 436 3503 vehementiorem
454 3462 554 3503 ventum
574 3453 688 3503 indicant.
742 3449 801 3502 576.
821 3458 912 3517 certos,
931 3455 1046 3517 delectos,
1066 3455 1107 3520 qni
1125 3456 1149 3504 id
1161 3470 1217 3504 eum
1229 3471 1291 3506 eura

98 3525 201 3588 lideque
220 3520 304 3572 faeere
322 3519 438 3586 possint!
473 3519 781 3584 alestanum.
1319 3561 1323 3567 .

171 3587 322 3642 579-656.
358 3595 463 3640 Aeneas
487 3594 577 3656 rupta,
602 3605 656 3654 qua
682 3589 862 3639 er'roumriatus
886 3594 960 3651 erat,
985 3592 1052 3639 nubo
1074 3593 1102 3640 tn
1126 3595 1293 3656 conspertum

96 3659 199 3728 prodit,
215 3661 326 3724 gratias
344 3662 405 3724 agat
423 3659 520 3708 Didoni
536 3659 688 3728 salutatque
707 3663 821 3723 receptos
840 3661 929 3707 sorios.
959 3658 1026 3709 Dido
1043 3660 1154 3723 henim
1173 3676 1293 3711 sermono

98 3730 204 3796 eaeeipit
213 3729 344 3787 Aeneam,
364 3730 440 3777 soriis
454 3730 518 3791 aias,
537 3730 582 3791 qui
598 3727 635 3776 ad
646 3740 724 3776 naves
736 3731 932 3790 renumeraret,
949 3729 1033 3776 mittit
1043 3742 1164 3792 maara,
1182 3731 1294 3779 ιίιεέηιίἐ

99 3797 203 3916 diiii
218 3798 255 3914 {2¹
272 3794 1071 3932 tithebi-ii?aiiii⁰1“³a‘dl‘⁹'{²f‘timidi‘diffisi‘
1087 3798 1293 3918 ‘'''i‘twfiad‘ss'ff

100 3933 221 3994 solvitur,
240 3939 270 3981 nt
287 3947 333 3981 aer
352 3947 427 3996 purus
441 3931 584 3997 radiatum}
619 3927 678 3982 589.
697 3931 784 3982 Valer.
796 3930 834 3981 Fr.
847 3929 872 3991 2,
883 3879 1002 3996 495555.
1021 3933 1051 3982 de
1064 3880 1181 3982 naenig
1198 3901 1293 3998 ,mequg

100 4002 167 4051 enlm
185 4008 239 4050 tam
258 4001 312 4050 lata
330 4001 444 4050 videbam
462 3999 576 4063 Pectora,
595 3997 724 4065 Neptunus
743 4014 827 4048 muros
846 4015 900 4049 cum
918 3999 1030 4062 iungeret
1046 4000 1132 4063 astris,
1158 4001 1211 4052 Nee
1228 4003 1292 4052 tales
1320 4060 1323 4064 ι

101 4071 222 4120 humeros
241 4069 434 4134 pharetramque
452 4061 556 4133 gerebat
568 4067 685 4134 Apollo.“
698 4095 731 4104 -
750 4066 858 4116 aillando
877 4069 991 4118 decoram
1010 4069 1117 4120 reddidit
1134 4067 1292 4138 caesariem}
1325 4066 1348 4084 '¹

100 4135 164 4188 591.
183 4138 302 4199 honoras,
321 4138 441 4201 gratiam,
460 4131 699 4203 pulchritudinum}
723 4133 776 4186 592
794 4151 831 4199 sq.
858 4136 1018 4187 Pulchritudo
1037 4138 1136 4188 Aeneae
1153 4145 1228 4189 auctu
1244 4147 1292 4198 est,

101 4207 196 4256 decore
214 4203 320 4268 singulis
340 4206 452 4271 partibus
470 4220 485 4254 a
504 4205 600 4254 Venere
618 4202 778 4266 cirmumfuso,
803 4205 877 4255 sicuti
894 4205 962 4256 ebori
979 4213 1025 4257 aut
1041 4214 1145 4268 argento
1163 4213 1209 4256 aut
1226 4221 1292 4256 mar·

101 4275 167 4326 mori
187 4275 265 4324 decus
284 4274 394 4333 additur,
412 4289 467 4322 cnm
485 4288 558 4324 manu
576 4273 678 4322 artilieis
697 4287 760 4322 auro
778 4271 874 4322 affabre
891 4281 1007 4336 ornatum
1026 4280 1052 4324 et
1069 4272 1099 4322 ei.
1118 4273 1189 4324 llom.
1207 4274 1254 4324 0d.
1267 4273 1292 4334 6,

100 4339 156 4394 229
175 4358 229 4408 sqq.
248 4371 282 4378 -
302 4347 351 4392 ant
368 4343 426 4415 abi,
450 4348 495 4390 aut
512 4343 584 4409 quale
603 4348 642 4392 est
660 4341 747 4402 decus,
770 4341 813 4390 ubi
831 4338 893 4409 oet}
927 4338 986 4394 593.
1004 4343 1102 4393 Parius
1121 4342 1156 4404 1.,
1174 4358 1199 4393 ν.
1218 4339 1249 4391 G.
1266 4338 1292 4404 3,

156 4431 267 4478 Vmern.
280 4441 360 4476 canu.
1054 4422 1089 4476 10
