2942 4975
499 244 714 357 anunmos
736 290 817 357 nm.
839 290 894 355 m
927 255 939 280 '
1214 290 1285 359 oss

192 477 316 543 Sternit
337 478 425 543 humi
446 478 600 556 moriens,
622 482 717 559 atque
738 477 786 543 illi
807 476 952 559 partibus
974 477 1084 560 aequis

103 566 168 645 755
190 564 262 631 Huc
286 568 382 646 caput
404 566 501 645 atque
522 563 599 629 illuc
620 564 754 628 humero
777 581 817 627 ex
838 568 976 644 utroque
998 563 1160 645 pepeth

189 648 370 731 Diffugirmt
390 648 476 713 versi
497 648 624 730 trepida
644 647 814 714 formidine
837 648 946 713 Troes,

190 735 247 813 Et,
270 734 297 798 si
321 733 472 799 continuo
494 734 649 799 victorem
673 752 712 798 ea
734 752 811 799 cura
832 732 978 811 subisset,

104 814 111 827 ’
190 820 351 901 Rumpere
374 819 513 886 claustra
534 838 631 883 manu
652 818 818 900 sociosque
839 818 1003 883 inmittere
1024 818 1135 900 portis,

189 904 330 971 Ultimus
351 904 406 968 ille
430 904 498 968 dies
521 904 606 969 bello
629 904 782 986 gentique
805 902 927 967 diisset.

101 990 167 1055 760
191 989 255 1055 Sed
277 988 367 1065 furor
389 990 559 1054 ardentem
580 988 750 1070 caedisque
771 989 885 1053 insana
906 988 1020 1070 cupido

188 1073 266 1157 Egit
287 1075 320 1139 in
343 1074 501 1139 adversos

129 1192 132 1195 ·
189 1159 349 1242 Principio
371 1159 532 1225 Phalerim
556 1163 589 1223 et
610 1158 733 1223 succiso
755 1159 878 1241 poplite
901 1158 1014 1240 Gygen

189 1244 331 1327 Excipit;
352 1244 426 1309 hinc
448 1248 558 1326 raptas
581 1242 778 1325 fugientibus
800 1244 918 1325 ingerit
939 1243 1054 1309 hastas-

188 1330 228 1395 In
249 1336 389 1411 tergum3
413 1329 493 1393 Iuno
515 1328 591 1393 viris
614 1329 818 1410 animumque
841 1329 1009 1394 ministrat.

100 1415 167 1480 765
189 1415 289 1481 Addit
310 1415 426 1497 Halym
450 1415 598 1479 comitem
621 1418 654 1479 et
677 1413 951 1496 confixarPhegea
971 1432 1095 1495 parma3

188 1502 322 1582 Ignaros
345 1499 461 1565 deinde
482 1500 516 1564 in
538 1498 638 1563 muris
659 1500 861 1581 Martemque
884 1499 996 1564 cientis

188 1586 447 1665 Alcandrumque
468 1585 660 1665 Haliumque
682 1584 912 1666 Noemonaque
933 1583 1178 1665 Prytanimqua.·

188 1672 318 1752 Lyncea
340 1671 527 1735 tendentem
550 1675 662 1734 contra
684 1670 851 1751 sociosque
873 1673 1042 1734 vocantem
1175 1701 1177 1704 ·

188 1754 337 1823 Vibranti
359 1755 466 1837 gladio
489 1755 641 1819 connixus
664 1755 703 1820 ab
727 1773 845 1837 aggere
867 1754 980 1819 dexter

99 1841 167 1905 770
190 1840 347 1923 Occupat3
370 1840 443 1905 huic
465 1858 528 1905 uno
551 1839 714 1905 deiectum
734 1840 908 1905 comminus
929 1840 997 1905 ictu
1044 1868 1047 1874 =

190 1926 269 1991 Cum
292 1926 383 2007 galea
404 1926 500 2007 longe
521 1924 622 1990 iacuit
644 1927 749 2006 caputss
792 1926 872 1990 Inde
893 1923 1034 1990 ferarum

188 2011 392 2077 Vastatorem
414 2012 581 2091 Amycum,
604 2028 666 2091 quo
688 2029 752 2075 non
774 2008 899 2075 felicior
920 2010 1005 2075 alter

188 2096 341 2179 Unguere
363 2095 431 2161 tola
451 2114 548 2160 manu
569 2093 754 2177 ferrumque
776 2113 901 2159 armare
922 2112 1062 2173 venon03

188 2182 232 2247 Et
254 2181 393 2263 Clytium
414 2180 584 2259 Aeoliden,
608 2184 641 2244 et
664 2180 800 2243 amicum
823 2179 961 2244 Crethea
981 2179 1090 2259 Musis

99 2267 168 2333 775
190 2266 329 2331 Crethea
349 2262 514 2331 Musarum
537 2265 699 2344 comitem,
723 2265 773 2329 cui
796 2264 937 2329 carmina
958 2282 1085 2346 semper

188 2352 232 2417 Et
255 2351 396 2418 citharae
420 2350 519 2429 cordi,
542 2368 757 2431 numerosque
778 2349 947 2414 intendere
968 2350 1089 2429 norris3

189 2436 322 2520 Semper
345 2454 442 2519 equos
465 2440 562 2518 atque
585 2454 674 2502 arma
694 2435 798 2500 virum
819 2446 1007 2526 pugnasque
1029 2436 1173 2502 canebat.
1260 2501 1270 2508 .

271 2523 414 2588 Tandem
437 2522 587 2586 ductores
610 2521 725 2586 audita
741 2521 839 2586 caede
861 2539 992 2586 suorum

190 2608 391 2676 Conveniunt
413 2607 541 2685 Teucri,
563 2607 751 2672 Mnestheus
773 2624 910 2687 acerque
932 2605 1091 2685 Serestus,

101 2691 168 2757 780
189 2693 395 2776 Palantisque
417 2692 527 2757 vident
549 2691 652 2762 socios
674 2691 863 2772 hostemque
884 2696 1058 2774 receptum.

188 2779 233 2844 Et
253 2777 455 2844 Mnestheus:
479 2777 547 2854 Quo
571 2776 686 2842 deinde
708 2775 830 2858 fugam,
853 2795 916 2858 quo
939 2777 1093 2842 tenditis?
1125 2776 1238 2859 inquit.

191 2863 276 2940 Quos
299 2864 377 2928 alios
399 2881 521 2942 muros,
544 2880 626 2943 quae
647 2863 712 2928 iam
734 2863 821 2928 ultra
841 2862 969 2928 moenia
990 2863 1137 2930 habetis?

188 2949 279 3014 Unus
302 2948 409 3028 homo,
432 2953 465 3013 et
485 2948 615 3027 restria,
638 2965 656 3011 o
680 2949 778 3026 cives,
801 2948 940 3030 undique
962 2953 1092 3030 saeptus

188 3033 380 3116 Aggeribus,
403 3038 509 3098 tantas
532 3038 656 3114 strages
677 3033 797 3114 inpune
819 3033 1011 3114 perurbem

8 3152 12 3158 ·
101 3117 167 3182 785
188 3119 357 3184 Edideritl
390 3118 541 3183 iuvenum
562 3118 682 3198 primos
703 3123 755 3182 tot
776 3117 899 3182 miserit
921 3117 1026 3183 Orco?
1084 3149 1087 3153 >

189 3204 261 3269 Non
282 3203 419 3270 infelicis
440 3201 563 3286 patriae
585 3206 796 3285 veterumque
818 3203 951 3267 deornm
1037 3250 1040 3256 ,

188 3289 232 3354 Et
253 3289 360 3371 magni
381 3292 523 3366 Aeneae,
546 3305 674 3369 segnes,
696 3287 892 3370 miseretque
913 3289 1098 3370 pudetque?

190 3373 319 3440 Tahbus
341 3374 467 3439 accensi
488 3371 656 3437 firmantur
678 3378 712 3437 et
733 3373 860 3454 agmine
882 3373 981 3438 denso

190 3459 383 3526 Consistunt
426 3459 552 3524 Turnus
574 3458 726 3540 paulatim
751 3457 905 3522 excedere
927 3477 1035 3540 pugna

100 3544 168 3610 790
187 3544 231 3609 Et
253 3543 381 3610 fluvium
404 3549 516 3626 petere
538 3561 576 3607 ac
598 3547 738 3626 partem,
761 3561 843 3624 quae
867 3543 1005 3624 cingitur
1026 3542 1120 3608 unda

140 3631 143 3634 ’
183 3630 302 3706 Acrius
324 3631 384 3696 hoc
407 3629 525 3694 Teucri
544 3629 681 3694 clamore
703 3629 888 3693 incumbere
910 3646 1035 3711 magno,

100 3844 199 3906 erigens
217 3859 244 3895 aa
261 3845 344 3906 altius,
362 3843 393 3894 cf.
412 3840 454 3906 12,
467 3840 517 3894 728
530 3847 581 3907 sq!
617 3837 675 3891 763.
694 3845 789 3908 raptos
807 3842 838 3891 de
854 3841 1000 3908 corporibus
1018 3841 1192 3906 confixuram!
1221 3839 1280 3894 764.

98 3913 153 3964 Alii
171 3910 284 3979 turgum}
321 3909 379 3964 767.
398 3911 428 3961 ci.
447 3912 516 3961 Horu.
528 3909 556 3960 ll.
569 3907 595 3974 ὃ,
605 3905 663 3962 678.
676 3935 709 3945 -
721 3908 778 3974 que,
796 3924 820 3958 ν.
832 3909 861 3958 ll.
873 3905 898 3973 4,
910 3905 968 3967 51.Ι
1005 3907 1063 3960 769.
1079 3909 1111 3960 cf.
1130 3909 1171 3975 10,
1182 3908 1217 3962 23
1228 3908 1281 3978 sq}

100 3980 162 4032 771.
186 3980 248 4032 Inde
271 3997 305 4031 sc.
329 3980 471 4047 sternit!
506 3976 565 4030 772.
585 3979 708 4041 Vertat,
731 3993 756 4028 v.
782 3975 929 4049 (1.4,161
964 3973 1022 4029 773.
1039 3995 1134 4044 mnu,
1157 3995 1182 4030 v.
1205 3978 1235 4030 G.
1254 3977 1280 4041 2,

99 4047 177 4118 2471
213 4046 271 4101 775.
288 4047 357 4099 Hom.
370 4049 458 4115 Hymn.
471 4045 513 4112 32,
525 4046 560 4100 20
577 4041 690 4111 „c’rotdoi
705 4039 883 4097 Μουσάων
900 4040 1135 4114 θεράποντεςιι
1148 4055 1173 4098 et
1184 4045 1279 4115 δᾶμον

98 4113 296 4184 Ὑπερβορέων
314 4109 525 4172 Ἀπόλλωνος
552 4108 759 4182 θεράποντα
785 4115 854 4164 and·
876 4113 963 4182 Pindi
996 4112 1054 4168 776.
1078 4133 1149 4166 aum.
1171 4119 1218 4166 iat.
1243 4132 1280 4177 aa,

99 4187 201 4238 intentis
217 4186 302 4236 nervis
320 4201 393 4235 sonos
410 4186 516 4234 musicos
535 4178 644 4252 ederass
679 4131 828 4233 778-812.
850 4180 965 4234 Tandem
985 4181 1091 4235 Turnur
1114 4183 1280 4235 multitudine

99 4257 218 4306 hostium
232 4255 405 4321 proturbatur
424 4256 568 4320 castraque
586 4251 709 4302 accedere
727 4255 832 4303 coactus
846 4254 873 4302 in
881 4255 993 4317 fluvium
1005 4269 1034 4302 se
1045 4254 1133 4303 deiicr't
1142 4252 1270 4371 salvas&
1427 4261 1437 4282 ⁰

1271 4357 1277 4370 .
1359 4336 1375 4367 δ

58 4355 61 4360 -
100 4323 212 4386 adunca
224 4323 314 4388 radit!
334 4318 392 4374 781.
405 4321 503 4393 deinde,
515 4318 643 4389 ulterius}
659 4316 717 4372 783.
730 4326 764 4385 oi,
775 4321 864 4386 isque
876 4330 977 4388 saeptus
990 4326 1045 4383 cat,
1055 4335 1081 4370 v.
1092 4319 1117 4385 5,
1126 4315 1201 4381 8le
1218 4316 1234 4368 7

154 4411 261 4460 Vmorn.
273 4421 351 4458 orsu.
1038 4401 1074 4454 24
