2942 4975
457 330 672 396 AENEIDOS
695 330 776 396 LIB.
797 332 855 396 ΙΙΙ.

151 519 280 585 Victum
301 517 477 594 infelicem,
501 517 595 582 bacas
617 517 824 600 lapidosaque
847 538 953 599 corna,

79 606 132 670 650
152 605 238 670 Dant
260 604 354 681 rami,
378 607 412 668 et
432 603 531 668 volsis
553 608 689 684 pascunt
710 604 870 672 radicibus
893 605 1019 670 herbae.

153 689 268 754 Omnia
291 688 598 754 conlustrans-hanc
621 689 757 770 primum
780 689 821 753 ad
843 690 938 754 litora
962 692 1096 756 classem

152 774 311 857 Conspexi
333 775 524 838 venientem.
567 773 650 838 Huic
672 792 737 852 me,
760 793 978 856 quaecumque
1000 775 1122 856 fuisset,

151 859 282 924 Addixi:
307 859 385 923 satis
409 863 459 923 est
481 863 611 940 gentem
635 857 785 940 effugisse
806 859 991 939 nefandam,

151 946 215 1011 Vos
239 944 379 1010 animam
401 943 483 1008 hanc
506 944 613 1025 potius
635 963 836 1026 quocumque
860 946 1017 1011 absumite
1038 947 1113 1011 leto.

78 1031 132 1095 655
236 1031 308 1108 Vix,
323 1047 362 1094 ea
383 1028 469 1094 fatus
491 1033 573 1108 erat,
597 1047 719 1094 summo
744 1048 815 1093 cum
837 1036 947 1095 monte
969 1031 1113 1096 videmus

152 1116 261 1197 Ipsum
283 1115 370 1179 inter
391 1114 531 1195 pecudes
552 1119 645 1178 vasta
665 1115 808 1180 semole
830 1121 1012 1182 moventem

149 1201 319 1265 Pastorem
340 1200 571 1282 Polyphemum
595 1204 627 1264 et
649 1199 747 1264 litora
767 1204 845 1267 nota
866 1205 1041 1283 petentem,

149 1286 333 1350 Monstrum
347 1285 551 1362 horrendum,
565 1282 712 1362 informe,
730 1285 854 1366 ingene,
870 1287 919 1350 cui
934 1287 1043 1351 lumen
1057 1288 1251 1370 ademptum.

152 1371 282 1435 Trunca
302 1389 400 1434 mann
421 1370 514 1452 pinus
537 1369 623 1451 regit
646 1375 679 1433 et
700 1371 838 1451 vestigia
859 1370 978 1450 firmat3

76 1453 131 1518 660
149 1455 332 1537 Lanigerae
356 1456 549 1520 comitantur
571 1473 659 1534 oves,
683 1473 722 1520 ea
744 1456 812 1520 sola
833 1457 981 1538 voluptas

151 1540 365 1622 Solamenque
387 1540 472 1604 mali.

150 1627 327 1706 Postquam
350 1626 432 1690 altos
456 1624 564 1704 tetigit
587 1622 701 1689 fluctus
726 1626 822 1690 etad
845 1644 986 1708 aequora
1006 1628 1103 1705 venit,

149 1711 295 1776 Luminis
320 1708 426 1774 effossi
447 1709 580 1774 fluidum
602 1709 679 1773 lavit
700 1710 776 1774 inde
799 1729 953 1790 cruorem,

149 1796 311 1861 Dentibus
334 1793 521 1859 infrendens
545 1795 680 1875 gemitu,
703 1795 911 1879 graditurque
933 1815 992 1878 per
1012 1815 1134 1878 aequor

76 1877 219 1946 tibiam
241 1881 396 1958 medium,
419 1881 554 1944 necdum
578 1878 693 1943 fluctus
716 1881 820 1944 latera
841 1882 940 1946 ardua
962 1882 1066 1948 tinxit.

149 1967 217 2031 Nos
240 1966 356 2047 procul
377 1966 452 2030 inde
474 1964 583 2046 fugam
606 1965 724 2047 trepidi
748 1966 904 2045 celerare,
926 1972 1058 2049 recepto

150 2051 304 2134 Supplice
327 2051 372 2114 sic
393 2051 522 2128 merito,
545 2050 699 2131 tacitique
721 2051 863 2115 incidere
885 2050 1007 2131 funem;

149 2137 318 2202 Verrimus
341 2141 375 2199 et
396 2136 489 2218 proni
512 2135 710 2200 certantibus
733 2154 875 2216 aequora
895 2138 998 2201 remis.

150 2221 273 2300 Sensit,
298 2225 331 2286 55
354 2222 394 2285 ad
417 2221 556 2285 sonitum
578 2221 664 2285 vocis
687 2220 824 2302 vestigia
845 2222 948 2286 torsit.
1054 2283 1057 2288 ,
1135 2243 1142 2252 ·

74 2301 129 2368 670
148 2307 273 2372 Verum
294 2306 350 2370 ubi
371 2306 461 2370 nulla
484 2307 579 2370 datur
601 2305 715 2370 dextra
737 2304 900 2370 adfectare
922 2311 1075 2388 potestas,

148 2393 219 2458 Nec
242 2391 328 2474 potis
350 2391 457 2456 Ionios
480 2390 596 2455 fluctus
619 2409 759 2473 aequare
781 2391 953 2471 sequendo,

151 2477 334 2545 Clamorem
355 2476 535 2541 inmensum
557 2476 655 2556 tollit,
679 2496 742 2558 quo
764 2481 882 2558 pontus
906 2482 940 2542 et
961 2496 1071 2543 omnes

149 2564 386 2629 Contremuere
408 2564 528 2641 undae,
550 2562 743 2644 penitusque
766 2563 922 2627 exterrita
943 2563 1039 2628 tellus

149 2648 278 2728 Italiae,
302 2649 469 2728 amnisque
491 2648 639 2728 inmugiit
661 2648 769 2713 Aetna
790 2648 943 2712 cavernis.

72 2731 127 2796 675
148 2736 193 2800 At
217 2752 319 2815 genus
343 2752 360 2797 e
383 2733 470 2798 silvis
493 2732 666 2814 Cyclopum
690 2738 723 2797 et
745 2732 906 2798 montibus
929 2734 1003 2799 altis

147 2820 302 2884 Excitum
323 2818 389 2882 ruit
412 2818 452 2882 ad
474 2822 585 2899 portus
610 2822 642 2883 et
664 2818 762 2883 litora
783 2819 945 2900 conplent.

150 2903 322 2971 Cernimus
344 2904 502 2968 adstantis
524 2902 717 2985 nequiquam
740 2904 859 2969 lmnine
882 2909 974 2969 torvo

146 2992 314 3055 Aetnaeos
337 2987 466 3067 fratres,
490 2989 578 3053 caelo
602 2988 708 3069 capita
731 2990 798 3053 5155
819 2988 962 3067 15555515,

149 3074 330 3141 Concilium
352 3074 560 3138 horrendum:
587 3075 699 3154 quales
722 3093 793 3139 cum
816 3075 937 3139 vertice
961 3075 1045 3140 celso

71 3157 127 3224 680
146 3160 268 3226 Aeriae
291 3178 442 3240 quercus,
465 3163 522 3224 aut
545 3158 706 3223 coniferae
729 3160 883 3241 cyparissi

150 3244 390 3324 constiterunt,
414 3244 494 3308 silva
517 3244 584 3309 alta
605 3238 703 3323 Iovis,
725 3244 857 3309 lucusve
878 3244 1010 3310 Dianae.

70 3476 223 3533 prospectum
237 3462 401 3530 adimebant}
430 3462 489 3515 650.
507 3465 566 3515 cols.
580 3466 638 3516 rad.
651 3466 684 3527 lu,
703 3467 719 3515 i.
732 3481 754 3515 e.
768 3466 865 3516 radices
878 3458 1036 3521 barbarum!
1066 3460 1125 3512 652.
1138 3462 1253 3527 suaset,

69 3550 90 3585 v.
107 3534 132 3599 2,
149 3526 228 3598 1361
264 3531 322 3585 653.
349 3535 452 3585 Addat
477 3541 602 3599 tamquam
628 3532 778 3599 proprium!
813 3528 871 3585 654.
902 3550 946 3583 aa.
971 3534 1048 3594 dano,
1070 3546 1095 3580 v.
1118 3527 1252 3601 2,140.11

70 3599 211 3655 tte-718.
227 3602 255 3654 V
252 3605 291 3653 iro
303 3605 357 3669 ipro
365 3603 515 3669 Polyphemo
526 3605 669 3667 5555555555
681 3606 736 3652 aar
749 3603 862 3652 clamore
871 3602 1018 3669 tbclopdm
1031 3601 1141 3650 11551551
1151 3600 1254 3652 solverat

72 3686 159 3736 55555,
188 3688 222 3722 ac
246 3672 324 3721 litora
342 3670 446 3721 Siciliae
469 3671 582 3737 agentes
601 3674 757 3738 perveniunt
781 3671 946 3737 Drepanum,
973 3671 1019 3718 ubi
1035 3668 1161 3720 Anatim
1184 3670 1254 3720 diem

70 3741 118 3789 obit
135 3754 298 3808 rapi-eruam.
340 3739 404 3790 Inda
428 3730 489 3789 55755
512 3740 666 3805 repetissent
688 3754 775 3802 mare,
795 3742 824 3789 io
846 3740 972 3804 Africam
996 3741 1149 3803 tenpestate
1171 3738 1255 3803 arise-

70 3806 186 3875 rantur]
222 3803 282 3857 658.
300 3822 325 3857 ν.
344 3804 374 3857 G.
393 3805 419 3871 2,
436 3804 509 3873 4411
546 3803 604 3859 659.
624 3810 696 3872 rago
714 3822 779 3869 eum,
796 3813 826 3857 ut
842 3822 880 3858 vs.
900 3802 951 3859 650
983 3809 1080 3856 555555
1097 3822 1131 3858 sc.
1149 3822 1199 3856 mc.
1218 3834 1254 3844 -

70 3892 154 3941 55555,
173 3890 240 3942 qnae
259 3881 299 3925 est
315 3876 340 3925 in
358 3890 433 3929 manu
451 3876 513 3938 eius,
532 3890 605 3941 quam
623 3876 690 3938 gerit
706 3891 794 3933 mnam
812 3890 837 3923 v.
857 3873 887 3927 G.
906 3874 931 3936 1,
1001 3871 1023 3944 ,1
1058 3870 1117 3925 662.
1137 3875 1255 3939 555555,

69 3944 185 4003 1551155
204 3942 349 4011 processit!
384 3940 442 3993 663.
461 3945 530 4006 inda,
547 3949 645 4009 sumpta
662 3939 874 4011 5555155551
908 3939 968 3993 664.
984 3946 1099 4008 gemitu,
1110 3956 1135 3993 v,
1147 3940 1254 4013 2,323.1

68 4008 121 4061 667.
139 4018 179 4064 555
196 4028 241 4073 m,
263 4013 308 4061 boc
324 4012 405 4077 ipsum
424 4010 466 4077 (ut
484 4011 652 4078 reciperetur)
671 4011 784 4080 5551551
817 4008 877 4063 669.
895 4026 920 4061 v.
938 4027 977 4062 vs.
994 4008 1054 4062 556.
1067 4038 1101 4048 -
1114 4012 1151 4061 ad
1166 4028 1197 4073 5.,
1215 4027 1255 4076 55,

68 4081 128 4131 unde
149 4081 249 4133 sonitus
268 4076 391 4143 auditus!
430 4077 489 4130 670.
510 4081 618 4145 adfeci,
637 4081 777 4143 attingere,
799 4094 887 4129 nave·
912 4077 1028 4145 scilicet!
1062 4076 1122 4129 671.
1141 4080 1255 4144 muare

69 4152 209 4214 rcqamdo:
227 4165 275 4199 non
293 4155 377 4213 potest
393 4149 429 4198 ita
448 4150 526 4213 sequi,
545 4164 565 4198 s.
579 4165 626 4198 non
638 4155 709 4199 tanta
721 4155 760 4197 est
771 4148 848 4214 ipsius
861 4149 988 4212 celeritas,
1004 4154 1033 4198 ut
1045 4162 1155 4264 5515555
1166 4148 1255 4212 possit,

69 4218 155 4268 nedum
175 4231 307 4283 superare,
324 4216 487 4279 celeritatem,
505 4232 554 4282 qua
571 4220 662 4267 fluctus
680 4216 787 4267 classem
811 4212 1008 4284 propellebant!
1046 4212 1080 4265 67
1100 4253 1106 4264 .
1127 4218 1254 4280 nemo,

69 4286 124 4403 3³³2
142 4286 601 4419 55115151665616
620 4284 713 4403 666Ἰ
748 4278 1254 4414 11511··..5’51.5.1..51.,15

84 4390 89 4401 ·
127 4395 132 4406 ·
222 4390 231 4417 s
266 4391 272 4402 ·
318 4392 323 4403 ·
358 4391 367 4417 s
504 4390 509 4405 ·
554 4390 560 4403 ·
597 4390 605 4415 r
675 4380 734 4402 ·“““
960 4389 968 4416 r
1009 4388 1014 4398 ·

1109 4627 1134 4676 Q
