2942 4975
221 296 283 361 104
420 256 434 265 ’
589 286 1019 363 succcumbere

304 481 417 548 Vicina
437 482 552 548 invitet
574 483 729 549 decedere
751 484 821 567 ripa
842 484 950 562 caleri,

306 567 468 649 Obviaque
490 567 636 650 hospitiis
657 573 769 634 teneat
789 567 1011 635 frendentibus
1033 569 1135 635 arbes.

240 652 282 727 25
303 654 341 717 In
363 653 515 733 medium,
537 672 595 718 seu
616 653 715 719 stabit
735 654 833 733 iners,
856 672 913 720 seu
934 652 1072 737 profluet
1092 654 1215 735 humor,

304 738 515 805 Transversas
537 738 649 803 salices
672 743 706 803 at
727 739 861 820 grandia
880 739 1107 820 coniicesaxa,

305 824 461 889 Pontibus
482 829 519 889 ut
541 822 660 889 crebris
682 824 806 906 possint
827 825 1002 889 consistere
1026 830 1060 890 et
1081 827 1148 891 alas

304 908 449 975 Pandere
473 908 513 974 ad
535 910 690 975 aestivum
712 910 828 989 selem,
850 909 982 975 silente
1004 912 1158 976 morantis

304 992 466 1075 Sparserit
487 999 543 1059 aut
563 1012 716 1077 praeceps
738 994 888 1077 Neptuno
910 995 1094 1060 inmerserit
1113 997 1228 1062 Eurus.

240 1077 284 1141 30
304 1078 393 1144 Haec
415 1079 533 1143 circum
556 1079 659 1144 casiae
681 1080 799 1145 virides
822 1085 856 1145 et
876 1080 998 1145 olentia
1022 1081 1089 1146 late

240 1163 281 1227 31
305 1163 452 1246 Serpylla
474 1168 507 1229 et
528 1165 667 1245 gauter
689 1165 841 1247 spirantis
863 1166 954 1247 copia
974 1166 1140 1247 thymbrae

240 1248 283 1313 32
304 1246 446 1328 Floreat,
468 1248 690 1331 inriguumque
712 1250 825 1316 bibant
844 1250 977 1315 violaria
998 1249 1128 1316 fontem.

239 1332 280 1396 47
304 1335 376 1398 Neu
396 1334 526 1416 propius
548 1335 644 1400 tectis
665 1340 775 1401 taxum
796 1335 879 1414 sine,
901 1354 982 1400 neve
1002 1337 1147 1401 rubentis

234 1418 282 1503 ‚48
305 1418 371 1484 Ure
393 1418 464 1484 lece
487 1438 630 1499 cancros,
652 1421 736 1486 altae
758 1439 822 1486 neu
844 1421 939 1486 crede
960 1421 1077 1503 paludi,

240 1503 282 1566 49
305 1506 371 1573 Aut
392 1504 446 1568 uhi
469 1506 547 1571 eder
570 1506 659 1571 caeni
682 1506 800 1589 gravis,
822 1511 879 1572 aut
900 1507 955 1571 ubi
977 1525 1115 1573 concava
1135 1507 1232 1589 pulsu
1305 1528 1308 1533 ·

240 1589 283 1653 50
304 1589 388 1655 Saxa
409 1597 524 1656 sonant
546 1592 695 1673 vocisque
717 1590 839 1657 edema
859 1592 995 1657 resultat
1015 1593 1128 1673 imago.

239 1675 282 1738 33
304 1675 378 1756 Ipsa
399 1680 520 1755 autem,
542 1695 599 1741 seu
623 1676 792 1742 corticibus
814 1676 873 1741 tibi
894 1682 969 1742 suta
990 1677 1118 1756 cavatis,

241 1760 284 1824 34
306 1759 371 1826 Seu
392 1760 480 1826 lento
502 1760 623 1825 fuerint
644 1761 781 1827 alvearia
800 1762 917 1826 vimine
940 1766 1037 1842 texta,

240 1845 283 1909 35
305 1847 468 1927 Angustos
489 1844 629 1911 habeant
650 1846 768 1911 aditus:
790 1866 864 1911 nam
885 1846 1005 1928 frigore
1026 1847 1123 1911 melle

305 1929 399 2012 Cogit
420 1931 555 2014 hiemps,
579 1932 754 2013 eademque
776 1932 864 1997 calor
884 1931 1057 2014 liquefacta
1077 1932 1223 1996 remittit

304 2015 449 2097 Utraque
470 2016 518 2081 vis
540 2016 651 2099 apibus
673 2017 795 2100 pariter
816 2019 1000 2096 metuenda;
1022 2036 1126 2099 neque
1147 2018 1223 2082 illae

304 2099 506 2183 Nequiquam
527 2101 560 2166 in
582 2102 678 2167 tectis
701 2101 847 2167 certatim
869 2103 979 2167 tenuia
1001 2121 1080 2167 cera

255 2200 260 2207 ·
306 2184 508 2268 Spiramenta
528 2187 649 2268 linunt,
668 2186 806 2269 fucoque
829 2193 863 2252 et
884 2187 1015 2252 floribus
1036 2206 1109 2252 oras
1145 2220 1150 2227 ·

240 2270 285 2335 40
304 2272 456 2354 Explent,
480 2273 712 2355 collectumque
734 2274 814 2338 haec
835 2273 906 2355 ipsa
926 2273 967 2337 ad
989 2291 1124 2337 munera
1144 2273 1257 2354 gluten

304 2358 348 2421 Et
369 2358 455 2422 visco
479 2363 512 2424 et
533 2359 688 2441 Phrygiae
711 2364 842 2424 servant
862 2358 932 2441 pice
954 2358 1073 2422 lentius
1093 2357 1179 2422 Idae.

306 2440 407 2525 Saepe
430 2444 527 2510 etiam
550 2443 686 2524 effossis,
709 2445 735 2509 si
757 2463 835 2509 vera
856 2449 906 2509 est
927 2441 1024 2523 fama,
1048 2443 1179 2509 latebris

305 2527 370 2593 Sub
393 2533 482 2594 terra
502 2529 611 2595 leuare
632 2531 746 2609 larem,
768 2530 960 2612 penitusque
981 2534 1130 2611 repertae

306 2613 550 2696 Pumicibusque
574 2615 658 2679 cauis
680 2633 857 2696 exesaeque
879 2614 1001 2679 arboris
1022 2618 1124 2680 antro.

241 2697 284 2762 45
302 2697 356 2763 Tu
378 2702 486 2764 tamen
510 2704 543 2764 et
564 2699 627 2763 levi
647 2699 767 2764 rimosa
788 2699 903 2764 cubilia
923 2699 999 2764 lime
1107 2706 1109 2711 '

241 2783 283 2846 46
305 2782 420 2863 Ungue
442 2783 553 2848 fovens
576 2784 702 2864 circum,
728 2789 762 2848 et
783 2802 872 2854 raras
894 2784 1083 2867 superiniice
1105 2782 1244 2848 frondes.

241 2868 280 2933 51
392 2867 483 2945 Quod
506 2873 667 2950 superest,
692 2869 747 2934 ubi
768 2869 893 2951 pulsam
912 2869 1050 2934 hiemem
1072 2869 1127 2934 Sel
1149 2885 1266 2933 aureus
1289 2869 1356 2950 egit

306 2951 371 3016 Sub
394 2957 498 3018 terras
521 2954 707 3036 caelumque
730 2955 852 3020 aestiva
871 2954 944 3021 luce
965 2954 1105 3034 reclusit,

170 3172 172 3180 ¹
219 3157 353 3227 Fehruanl
388 3156 429 3209 23.
446 3172 470 3207 v.
489 3158 518 3208 Ε.
535 3155 560 3221 8,
579 3155 637 3225 88.Ι
664 3157 706 3212 24.
726 3158 804 3210 Obvia
822 3161 886 3225 ard,
904 3159 976 3225 qnasi
993 3158 1097 3208 efferens
1115 3156 1332 3221 recreantibus!
1356 3155 1395 3206 25.

220 3227 250 3277 In
268 3229 383 3279 madium
401 3224 551 3295 humorem!
573 3225 614 3279 29.
628 3226 764 3294 Sparserat
781 3229 866 3278 imbre.
878 3257 912 3266 -
924 3226 1052 3294 Neptune,
1070 3243 1095 3276 v.
1114 3224 1138 3288 1,
1156 3221 1230 3289 2954
1267 3222 1310 3275 30.
1328 3225 1396 3275 Haec

221 3299 330 3358 arcum,
349 3297 416 3346 circa
434 3295 513 3346 lentes
531 3304 557 3346 et
575 3292 686 3360 stagna!
720 3291 832 3346 47-50.
850 3296 902 3346 Hoc
919 3297 1012 3356 ordine,
1030 3311 1074 3361 per
1092 3310 1120 3344 se
1138 3293 1333 3355 commendabili,
1354 3296 1394 3343 hes

219 3379 308 3415 versus
324 3365 413 3430 legisse
430 3365 529 3414 videtur
547 3362 703 3432 Columella!
736 3361 779 3416 48.
799 3365 888 3415 Cancri
903 3364 927 3414 ia
944 3365 1085 3414 morborum
1103 3363 1256 3427 querendam
1268 3377 1329 3441 cura
1342 3377 1396 3411 ure

219 3431 325 3498 bantur,
343 3435 406 3486 eder
415 3439 496 3486 autem
507 3439 620 3483 ustorum
632 3433 817 3501 gravissimus!
846 3428 888 3484 50.
900 3434 967 3483 oecis
979 3436 1034 3482 ima
1055 3448 1077 3491 e,
1089 3431 1157 3493 ahu,
1169 3432 1293 3495 „rrdrpar
1305 3432 1398 3496 opelos

220 3503 306 3557 παῖς“
324 3504 390 3555 dicta
408 3503 439 3552 ab
457 3501 541 3569 Eurip.
565 3501 623 3551 Hac.
642 3498 733 3566 1100.Ι
766 3499 808 3551 33.
831 3517 856 3550 v.
880 3515 919 3550 vs.
941 3496 976 3550 25
993 3507 1019 3550 et
1034 3449 1066 3562 g,
1084 3496 1143 3550 387.
1160 3527 1195 3535 —
1225 3498 1321 3548 Colum.
1340 3495 1398 3561 9,6

221 3571 265 3633 „Si
283 3573 350 3634 regio
369 3571 441 3621 iarun
459 3577 497 3620 est
521 3569 659 3634 suberis,
685 3570 750 3620 haud
776 3569 917 3620 dubitanter
939 3568 1084 3620 utilissimos
1109 3568 1195 3617 alarcos
1221 3565 1341 3617 iaciemus
1368 3581 1396 3616 er

222 3640 417 3702 corticibus,
442 3639 498 3704 quia
522 3654 566 3689 nec
590 3638 666 3689 hieme
687 3639 781 3702 rigent,
800 3653 844 3688 nec
860 3638 964 3687 candent
981 3631 1119 3697 aestatc“l
1153 3631 1195 3684 36.
1214 3634 1308 3699 liquqf.
1327 3651 1399 3694 rena,

221 3705 256 3757 ite
275 3707 386 3770 resolvit,
403 3714 432 3758 ut
450 3709 527 3758 denua
546 3706 727 3771 colliquescunt,
746 3707 859 3757 desinant
870 3722 926 3757 esse
942 3706 1084 3767 tenacia,
1102 3700 1209 3764 vahl!
1243 3699 1287 3754 38.
1301 3706 1400 3762 tenuia

222 3790 248 3824 v.
269 3773 292 3836 1,
310 3773 385 3844 3974
419 3774 461 3827 39.
479 3776 568 3841 sucus
592 3776 616 3824 h.
640 3775 657 3825 l.
684 3775 804 3838 significat
821 3775 981 3838 melliginem,
1005 3789 1069 3838 quae
1092 3788 1123 3821 cx
1147 3773 1267 3822 arborum
1291 3771 1399 3821 lacrimis

221 3840 333 3910 (resina)
351 3852 470 3910 paratur,
481 3845 566 3910 fleres
584 3849 695 3910 spectant
713 3844 746 3892 ad
764 3858 857 3904 ceram,
876 3856 939 3908 quac
956 3858 988 3892 ex
1006 3841 1107 3891 floribus
1125 3839 1264 3906 colligitur,
1282 3854 1308 3888 v.
1325 3854 1370 3888 vs.
1387 3835 1400 3887 1

222 3918 248 3961 et
265 3907 328 3974 250;
347 3919 454 3977 utraque
470 3927 511 3961 res
529 3912 641 3978 proxime
658 3927 735 3963 versu
752 3911 963 3977 comprehenditur
980 3909 1101 3960 vocabulo
1120 3908 1234 3972 glutinis3
1259 3922 1326 3957 erae
1344 3913 1400 3958 suet

222 3981 287 4030 ostia
306 3981 450 4042 alvearium,
468 3977 498 4028 cl.
511 3994 549 4030 vs.
563 3977 622 4031 188.
672 3976 714 4031 41.
733 3983 842 4029 saroam
868 3973 1009 4044 reponunt!
1043 3975 1086 4028 43.
1099 3993 1124 4026 v.
1137 3974 1161 4038 3,
1174 3972 1234 4026 420.
1253 4001 1285 4012 ·—
1305 3977 1399 4034 larem,

221 4044 402 4117 cl.vs.155.1
435 4044 477 4098 44.
497 4045 526 4097 cf.
545 4049 614 4098 llem.
645 4049 661 4098 l.
678 4045 704 4110 2,
722 4044 780 4115 88.Ι
813 4015 903 4112 sssq.
924 4047 1038 4097 Tamen
1056 4046 1129 4096 etium
1148 4043 1235 4110 apiarii
1251 4041 1329 4109 operi
1348 4043 1401 4094 dili·

223 4118 308 4182 gentia
326 4132 399 4184 apum
418 4117 558 4166 adiuvanda
577 4124 623 4167 est.
640 4145 674 4154 -
692 4116 803 4181 seem,
828 4115 885 4179 qaia
910 4115 942 4165 ad
966 4116 1107 4165 celerem
1131 4112 1303 4163 continendum
1326 4113 1401 4162 murae

223 4182 407 4255 obturantur-‚n
451 4181 591 4234 51-113.
627 4184 666 4234 Da
700 4184 876 4234 accuminatur.
906 4211 941 4220 -
986 4180 1029 4233 51.
1058 4181 1133 4245 Quod
1161 4185 1295 4246 capsam,
1332 4180 1350 4229 i.
1381 4195 1400 4229 e.

225 4253 352 4317 Ceterum3
371 4255 436 4306 haud
454 4251 592 4318 infrequens
610 4253 675 4318 apud
694 4252 844 4316 antiquiores
861 4259 947 4317 poetas
960 4251 1112 4301 transitionis
1125 4245 1254 4328 termula}
1288 4245 1333 4298 62.
1352 4248 1401 4299 aad

224 4327 326 4390 terras,
349 4339 434 4391 nempe
451 4322 591 4374 interiorem
609 4327 703 4372 terram
720 4325 817 4370 resuta
833 4317 962 4384 frigidam,
987 4319 1064 4368 hieme
1086 4318 1191 4368 calidam
1209 4316 1401 4378 mutuatam
