2942 4975
219 303 274 343 XVI

220 471 389 543 susciperet,
418 486 472 527 uec
502 468 691 529 desiderantis
717 468 809 527 muita
833 484 887 527 nec
912 468 999 529 nimis
1026 486 1134 544 magna
1153 474 1286 545 petentis.
1329 476 1408 536 ilinc

219 562 289 615 nata
310 560 353 614 est
373 556 426 613 illa
448 555 589 628 allegoria
608 554 639 611 in
660 552 705 611 his
727 553 844 627 Virgilii
864 554 1051 628 carminibus,
1081 573 1102 615 a
1120 558 1219 617 multis
1241 561 1329 633 paulo
1351 564 1403 622 ini·

220 643 301 715 quius
315 643 491 714 vituperata3
512 640 579 698 hinc
592 638 665 697 illud
679 654 794 711 quoque
806 636 922 711 factum
943 639 975 697 id
996 640 1074 712 quod
1093 641 1164 700 item
1184 644 1268 702 multi
1287 647 1405 720 iniuria,

218 732 251 785 ut
273 728 389 801 opinor,
416 724 641 799 reprehendunt,
668 728 702 781 ut
721 724 813 783 molto
834 724 940 782 tersior
966 727 1164 799 ornatiorque,
1191 732 1332 789 auctiva
1353 734 1405 790 illa
1463 791 1464 800 ,

218 813 368 886 pastoricii
395 811 529 869 carminis
556 809 744 883 simplicitate
770 809 922 882 remotior,
949 811 1038 869 etiam
1060 810 1175 871 doctior
1194 815 1341 875 interdum
1362 820 1402 877 wi-
1463 807 1464 852 3

219 898 322 956 deutur
342 897 493 969 Virgilius,
520 912 606 968 quam
628 894 807 953 Tbeoeritm.
851 894 974 953 Tantum
1003 894 1086 954 abest
1112 902 1221 972 autem,
1251 905 1285 959 ut
1306 905 1405 961 omnia
1463 913 1464 934 ³

219 997 237 1041 a
259 982 381 1057 Virgilio
403 982 524 1055 scripta,
547 982 615 1055 qua
636 980 694 1038 sint
714 980 824 1052 scripta
843 995 863 1037 a
884 980 1019 1055 urguo,
1041 981 1128 1054 prena
1148 1000 1235 1043 manu
1255 986 1402 1050 meana
1463 958 1465 1072 l

218 1069 348 1139 iudicem,
370 1072 403 1125 ut
421 1064 507 1125 facile
526 1066 636 1139 largiar
656 1064 787 1124 accidere
808 1064 853 1123 bis
874 1064 1057 1139 carminibus,
1078 1068 1156 1139 quod
1177 1071 1253 1128 solet
1269 1073 1404 1132 accidere
1463 1075 1464 1132 T

218 1154 272 1213 toti
299 1153 365 1211 huic
389 1152 488 1226 generi
520 1152 606 1219 certis
637 1148 815 1223 temporibus
842 1149 1062 1224 hominibusque
1088 1152 1121 1209 in
1147 1156 1269 1227 propria
1296 1165 1404 1230 poetae
1463 1151 1465 1230 Ι

218 1254 304 1299 causa
325 1237 449 1310 tributo,
479 1244 512 1295 nt
531 1236 568 1295 iis
590 1237 714 1295 maxime
734 1236 881 1309 placeant,
909 1252 1031 1309 quorum
1052 1237 1258 1309 aliquomodo
1279 1242 1404 1309 interest
1463 1237 1464 1272 ³

216 1331 249 1383 ut
271 1324 379 1397 scripta
400 1323 465 1394 sint,
487 1323 579 1380 minus
601 1322 736 1395 placeant
756 1320 801 1392 iis,
823 1321 873 1393 qui
893 1320 931 1379 ab
952 1321 998 1380 bis
1018 1322 1198 1396 temporibus
1216 1329 1322 1386 renuti
1336 1335 1404 1387 sunt

217 1414 267 1469 aut
288 1425 408 1482 quorum
431 1409 489 1466 alia
510 1412 554 1466 est
573 1408 646 1479 wita,
674 1407 727 1465 'alii
750 1422 860 1477 mores,
887 1407 963 1465 aliae
990 1408 1126 1467 rationm.
1171 1410 1251 1482 Quae
1271 1429 1338 1471 cum
1359 1416 1403 1472 ita

217 1496 286 1567 siut,
315 1494 394 1552 aliud
421 1498 544 1565 apparet
569 1508 658 1567 genus
679 1507 742 1551 esse
763 1490 959 1551 bucolicorum
980 1492 1140 1567 Theocriti,
1168 1496 1247 1556 aliud
1268 1497 1399 1572 Virgilii3
1463 1537 1464 1566 3

216 1581 333 1638 tertium
358 1580 465 1639 invenit
494 1578 552 1637 Sal.
580 1577 718 1649 Gessner,
748 1577 898 1650 popularis
923 1583 1036 1649 uester,
1063 1580 1175 1651 pariter
1202 1586 1235 1640 ut
1260 1582 1402 1657 Virgilius
1463 1589 1464 1596 ’

216 1666 372 1738 iniquiores
394 1680 527 1723 censores
549 1669 691 1735 expertus.
734 1663 780 1721 Ac
801 1661 838 1720 de
859 1661 1001 1721 Gesmero
1023 1664 1138 1736 quidem
1159 1668 1309 1727 verissima
1328 1670 1402 1728 mibi
1463 1673 1464 1680 ’

215 1750 350 1809 videntur
377 1764 450 1824 quae
475 1749 671 1821 pronuntiavit
691 1748 728 1805 A.
751 1748 805 1805 Th
825 1747 862 1806 ii
884 1746 1074 1807 Fritasche
1101 1750 1222 1811 Theocr.
1249 1770 1268 1811 a
1294 1770 1327 1812 se
1353 1756 1402 1815 ed.
1461 1814 1465 1824 ,

215 1852 244 1909 p.
269 1837 309 1897 19
332 1840 361 1893 et
383 1838 437 1908 20,
466 1850 540 1908 quae
559 1834 649 1892 nolim
671 1850 690 1891 a
710 1831 856 1891 iuvenibus
876 1834 994 1905 ιιοιιιιε,
1024 1836 1074 1906 qui
1093 1836 1124 1893 in
1143 1836 1191 1895 his
1212 1838 1314 1897 stridis
1334 1858 1398 1899 wer-

215 1926 327 1993 sentur,
350 1920 503 1993 praeteriri
525 1936 560 1978 ac
580 1918 701 1993 negligi;
728 1917 805 1991 quod
827 1918 943 1991 quidem
962 1935 999 1977 ne
1022 1918 1086 1992 liat,
1106 1921 1162 1993 ita,
1183 1929 1322 1995 quantum
1344 1942 1402 1999 ego

215 2022 339 2080 possum,
362 2003 478 2077 cavebo,
499 2009 532 2062 ut
552 2005 616 2077 ipse
636 2002 726 2062 verba
745 2004 803 2061 wiri
822 2004 1061 2076 praestantissimi
1075 2004 1237 2065 subiiciam:
1259 2008 1400 2082 „Neunen
1463 2019 1464 2022 ’

214 2093 267 2149 wir
288 2092 337 2148 ihu
365 2088 513 2166 (Gessuer)
540 2088 692 2153 immerhin
719 2089 785 2147 den
805 2088 956 2147 Dichter
981 2089 1040 2149 des
1067 2090 1300 2153 idealisirteu
1327 2096 1400 2153 Na-

215 2176 414 2249 turlebens,
443 2176 501 2234 und
530 2176 644 2249 proisen
672 2173 728 2233 deu
756 2173 915 2247 glhcklich,
945 2174 998 2233 der
1023 2175 1099 2235 noch
1124 2176 1172 2235 die
1192 2179 1315 2253 geistige
1337 2181 1401 2241 Un-

215 2262 315 2321 rchuld
336 2262 399 2335 bat,
428 2262 488 2320 sich
510 2260 601 2319 daran
623 2277 658 2319 ru
678 2258 773 2318 laben.
812 2258 856 2317 de
875 2259 961 2317 kehrt
982 2260 1029 2319 die
1050 2261 1114 2319 Zeit
1133 2263 1251 2336 wieder,
1273 2281 1318 2323 wo
1342 2267 1399 2339 die,

214 2348 320 2407 welche
341 2346 493 2405 Gebildcte
514 2347 575 2405 sein
596 2346 708 2418 wellen,
729 2344 777 2403 die
790 2344 879 2403 Alteri
899 2344 1005 2404 wieder
1025 2347 1102 2405 lesen
1123 2348 1178 2407 mit
1199 2347 1252 2407 der
1264 2349 1401 2425 Absioht,
1463 2403 1464 2406 ,

213 2435 243 2494 iu
258 2432 379 2494 welcher
393 2432 599 2492 Melanchthou
613 2432 655 2492 sie
669 2431 721 2504 las,
742 2430 867 2490 nemlich
887 2447 936 2488 um
955 2430 1017 2490 sich
1039 2448 1074 2490 zu
1094 2431 1213 2494 bessem
1233 2434 1293 2494 und
1314 2436 1399 2497 ihren

214 2519 392 2578 Geschmack
414 2535 449 2576 ru
470 2518 605 2578 weredeln
626 2546 670 2560 -
696 2517 764 2574 und
786 2517 838 2574 sie
858 2517 945 2575 wird
965 2518 1097 2576 wieder
1116 2518 1277 2579 kommen
1299 2553 1340 2564 -
1365 2540 1401 2582 so
1463 2542 1464 2545 ¹

213 2604 285 2663 wird
315 2605 367 2662 der
392 2604 550 2662 klassisehe
578 2601 681 2660 Wertb
714 2601 767 2660 der
790 2602 863 2673 jetnt
893 2600 1086 2675 bespdttelten
1113 2603 1293 2679 Dichtungen
1322 2610 1401 2667 auch

213 2689 320 2748 wieder
342 2689 503 2747 anerkanut
525 2688 636 2746 werden
658 2687 718 2745 und
738 2686 792 2744 das
812 2686 980 2746 maurum
1001 2687 1062 2747 sich
1083 2705 1235 2763 emerem,
1256 2693 1311 2750 mit
1328 2695 1398 2752 wel-

214 2775 295 2834 chem
317 2775 364 2832 die
378 2775 468 2832 Vbter
488 2789 590 2830 unsrer
603 2773 693 2831 Viter
709 2771 862 2844 spraehen:
880 2774 921 2845 ja,
944 2771 1083 2833 Gessners
1097 2774 1210 2846 Idyllen
1230 2777 1295 2835 sind
1320 2778 1399 2838 doch

213 2860 331 2918 schbn!“
376 2859 431 2917 Sed
458 2859 496 2918 ad
518 2858 633 2931 Virgilii
660 2856 794 2916 bucolica
818 2862 852 2916 ut
879 2857 1008 2931 redeam,
1035 2859 1067 2918 id
1093 2860 1209 2932 quidem
1229 2862 1287 2920 iam
1309 2880 1399 2924 nemo

213 2950 257 3004 est
284 2945 332 3017 qui
359 2949 457 3018 neget,
489 2943 589 3002 durum
618 2947 647 3002 et
675 2943 824 3000 horridum
851 2944 964 3016 priscae
991 2946 1086 3017 poesis
1112 2961 1272 3005 sermonem
1296 2948 1330 3006 in
1350 2950 1400 3009 his

212 3029 385 3088 carminibus
413 3030 537 3102 primum
567 3032 771 3087 commutatum
800 3044 862 3086 esse
890 3045 954 3086 cum
982 3029 1064 3088 molli
1093 3030 1238 3104 cultoque,
1273 3049 1398 3106 asperos

211 3131 345 3174 numeros
367 3131 430 3174 cum
453 3114 562 3172 lenibus
584 3113 630 3172 wel
651 3113 748 3186 potius
763 3130 827 3171 curn
841 3113 956 3186 talibus,
978 3116 1027 3186 qai
1040 3115 1111 3188 ipsis
1124 3118 1272 3176 sententiis
1286 3121 1401 3191 optime

211 3201 432 3274 responderent3
454 3215 506 3258 nec
521 3199 631 3271 desunt,
654 3215 726 3272 quae
742 3199 892 3258 commode
905 3199 1021 3258 inventa
1041 3207 1072 3260 et
1092 3204 1217 3260 emata
1232 3203 1298 3275 sint,
1321 3222 1400 3277 quae
1463 3238 1464 3241 κ

211 3285 365 3357 hominum,
385 3301 504 3357 morum,
526 3301 622 3342 rerum
643 3285 784 3344 verietate
804 3283 949 3343 delectent
968 3301 1076 3359 suaque
1089 3286 1230 3346 suavitate
1244 3305 1279 3346 ac
1292 3289 1399 3362 lepore

169 3435 172 3442 ‚
212 3372 338 3428 animum
358 3371 494 3430 alliciant.
529 3369 623 3441 Quare
644 3374 676 3426 ut
698 3368 847 3442 Georgicis
869 3374 899 3428 et
911 3370 1042 3443 Aeneidi,
1063 3373 1106 3430 sic
1127 3371 1172 3430 bis
1193 3389 1308 3446 quoque
1330 3393 1398 3434 car-

211 3455 337 3514 minibus
357 3457 556 3515 acternitatcm
579 3459 735 3528 auguratur
756 3453 888 3514 Ovidius:

346 3615 349 3622 ‹
451 3587 588 3656 Tityrus
605 3602 635 3636 ec
653 3593 750 3650 segetes
767 3588 907 3652 Aeneiaque
927 3603 997 3636 arma
1015 3587 1138 3652 legentur,

518 3655 595 3706 Romu
612 3656 757 3721 triumphati
775 3655 832 3705 dum
850 3663 925 3722 ceput
941 3656 1010 3706 orbis
1026 3657 1083 3707 erit.

210 3795 276 3868 ipse
298 3800 394 3854 temen
416 3795 553 3870 Virgilius
576 3795 611 3854 de
632 3795 687 3853 hac
709 3811 816 3868 operae
846 3812 914 3853 suae
940 3801 1025 3868 perte
1045 3796 1087 3853 ite
1106 3795 1235 3854 modeste
1257 3797 1399 3874 loquitur,

209 3885 241 3938 ut
263 3881 413 3940 iuvenilem
436 3882 579 3954 quandem
602 3881 752 3940 audaciam
775 3886 889 3940 excuset
911 3879 945 3940 G.
967 3883 996 3954 4,
1020 3883 1081 3943 565
1103 3898 1144 3953 sq.

297 3963 321 4040 ξ.
342 3969 373 4026 d.
417 3966 465 4024 ud
487 3966 629 4040 Georgica
655 3963 808 4026 scribenda
833 3971 950 4038 poetam
975 3971 1005 4024 et
1031 3965 1156 4025 studium
1183 3966 1273 4039 ipsius
1294 3969 1398 4042 reique
1463 4010 1464 4013 =

209 4052 369 4110 iucunditas
396 4052 539 4124 invitavit,
568 4057 597 4110 et
622 4051 779 4110 aumoritas
805 4051 982 4110 Maecenatis
1008 4050 1072 4127 (Ge.
1096 4055 1128 4124 3,
1150 4050 1219 4127 41),
1247 4057 1276 4110 et
1302 4056 1397 4114 otium

209 4153 281 4210 pace
298 4135 503 4209 confirmatum,
525 4134 648 4195 fortasse
671 4136 757 4195 etiam
778 4137 909 4210 neglecta
928 4138 1004 4194 inter
1017 4136 1095 4194 bella
1109 4135 1205 4195 civilia
1220 4139 1398 4213 omninoque

209 4223 332 4296 pristino
352 4223 462 4282 honore
485 4222 621 4280 destituta
644 4223 756 4280 cultura
777 4238 911 4296 agrorum
935 4221 1046 4280 Italiae.
1090 4221 1162 4281 Rem
1182 4222 1283 4295 ipsam,
1306 4243 1398 4299 quem

209 4309 264 4368 hoc
279 4311 405 4368 carmine
419 4313 583 4382 persecutus
605 4311 656 4379 est,
679 4307 704 4364 si
720 4311 842 4380 spectas,
862 4324 922 4366 non
942 4307 998 4366 boc
1019 4306 1159 4380 agendum
1183 4312 1227 4366 est
1247 4305 1423 4372 didactico‘
