2942 4975
232 285 240 298 ¹
341 269 360 328 2'
446 280 696 377 ,aauuloos
718 282 799 349 LIB.
821 286 892 351 VII.
931 282 936 288 ’
1014 304 1017 308 ·
1213 286 1277 355 205

501 437 510 455 ,
869 403 882 442 Ι

183 470 313 553 Sponte
327 469 587 551 suaveterisque
601 470 662 535 051
683 489 718 543 ao
739 467 829 536 more
851 476 1025 539 tenentem.

94 556 163 623 205
182 557 290 637 Atque
312 553 461 637 equirlem
476 556 611 621 menfini
635 592 673 603 -
696 554 783 625 iama
799 563 855 623 est
876 553 1047 632 obscufior·
1062 557 1153 626 anbis
1175 596 1218 609 -

121 709 126 718 ,
168 642 350 720 ,Auruncos
372 639 419 721 115
439 639 525 707 ferra
548 659 655 719 senes,
677 642 726 706 his
742 646 840 728 ortus
861 646 899 708 nt
920 644 1006 726 agris
1079 662 1121 719 .‘

182 727 355 804 Barbanna
373 726 485 791 Idaeas
507 721 665 809 Phrygiae
686 727 865 809 penetrarit
886 729 928 793 ad
949 729 1046 795 urbes
1144 782 1149 792 .

182 810 424 893 Threiciamque
447 810 577 891 Samon,
599 830 682 893 quae
704 831 789 877 5555
812 809 1030 883 Samothracia
1050 796 1162 910 fertur.
1232 851 1245 882 .·
1279 808 1282 814 ’

182 887 267 961 Hinc
286 897 377 961 illum
400 896 531 978 Corythi
553 896 718 980 Tyrrhena
740 898 779 963 ab
803 898 879 963 sede
901 899 1079 982 proiectum
1131 921 1141 942 ·
1184 948 1206 989 ,Ι

92 981 161 1047 210
181 986 290 1049 Aurea
311 998 395 1046 nunc
417 982 497 1058 solio
521 982 679 1058 soellantis
701 984 791 1065 regia
812 984 893 1048 caeli
1093 1013 1112 1052 e
1161 1047 1166 1064 ,

181 1068 308 1150 Accipit
331 1071 364 1131 et
385 1085 553 1133 numerum
573 1068 721 1133 divorum
733 1069 898 1135 altaribus
920 1070 1018 1136 addit

262 1153 411 1232 Dixerat;
434 1157 468 1218 et
490 1153 575 1219 dicta
595 1153 737 1219 Ilioneus
759 1154 804 1219 sic
826 1174 905 1220 voce
927 1161 1069 1226 secutus:

181 1238 261 1316 Rea,
284 1256 384 1320 genus
406 1238 570 1320 egregium
592 1239 707 1317 Fauni,
729 1258 789 1304 neo
811 1238 960 1306 fluctibus
981 1245 1070 1307 actos

181 1323 263 1389 Atra
284 1323 411 1405 subegit
432 1323 556 1406 hiemps
578 1324 694 1389 vestris
716 1325 890 1408 succedere
911 1327 1016 1407 terris,

92 1406 160 1473 215
181 1409 250 1473 Nee
273 1408 360 1473 sidus
382 1408 605 1489 regionariae
628 1410 746 1474 litusve
767 1409 896 1489 fefelHt;

181 1492 321 1564 Consilio
343 1494 425 1559 hanc
448 1513 558 1559 omnes
581 1494 758 1575 animisque
779 1496 961 1562 volentibus
981 1497 1095 1563 urbem

180 1577 378 1658 Auferimur,
400 1579 484 1661 pulsi
505 1580 626 1661 regnis,
649 1598 730 1661 quae
752 1599 900 1646 maxuma
921 1583 1081 1664 quondan
1221 1619 1235 1650 ο
1337 1587 1351 1668 j

180 1666 333 1729 Extremo
355 1665 487 1729 veniens
510 1664 563 1729 Sol
586 1665 762 1748 aspiciebat
783 1666 927 1748 Olympo.
1340 1695 1347 1712 ·

181 1750 231 1815 Ab
253 1749 329 1815 Iove
351 1750 541 1833 principium
564 1752 706 1832 generis;
728 1751 805 1833 lave
826 1751 978 1818 Dardana
997 1753 1106 1839 pubes
1217 1808 1221 1816 .

93 1834 160 1900 220
183 1834 312 1901 Gaudet
334 1854 407 1913 avo3
429 1854 486 1901 rex
507 1836 576 1917 ipse
599 1836 683 1901 Iovis
707 1838 747 1901 05
769 1841 865 1918 gente
887 1856 1043 1921 suprema,

183 1920 297 1986 Troius
318 1922 457 1999 Aeneas,
479 1925 536 1985 tua
557 1940 615 1986 nos
637 1922 677 1985 ad
698 1922 809 1987 limina
831 1922 925 1987 misit.

183 2006 309 2084 Quanta
327 2025 388 2087 per
409 2006 522 2071 Idaeos
543 2006 647 2071 saevis
670 2006 770 2071 effusa
791 2008 934 2088 Mycenis

84 2100 88 2110 '
182 2092 369 2174 Tempestas
391 2091 467 2156 ierit
488 2110 628 2173 campos,
651 2092 768 2175 quibus
788 2097 879 2157 actus
901 2098 1038 2175 uterque

180 2176 330 2258 Europae
353 2180 449 2258 atque
471 2176 567 2242 Asiae
589 2175 664 2243 fatis
686 2178 887 2242 concurrerit
908 2171 1002 2257 orbis,

92 2260 303 2341 2250150115,
327 2266 360 2326 et
382 2262 409 2327 si
431 2280 526 2343 quem
548 2263 645 2327 tellus
669 2266 812 2327 extrema
832 2263 940 2328 refuso
1056 2313 1063 2323 .
1173 2287 1181 2308 ·

181 2346 355 2412 Submovet
377 2347 520 2427 Oceano,
543 2352 577 2412 at
599 2348 625 2413 si
647 2365 743 2429 quem
766 2352 897 2413 extenta
917 2348 1084 2430 plagarum

181 2432 341 2510 Quattuor
362 2432 396 2498 in
418 2433 522 2499 medio
546 2432 783 2516 dirimitplaga
804 2433 887 2499 Solis
908 2434 1018 2516 iniqui

180 2519 308 2584 Diluvio
331 2537 370 2584 err
390 2519 447 2583 illo
470 2524 523 2585 tot
542 2524 633 2584 vasta
654 2538 713 2601 per¹
734 2538 875 2601 aequora
897 2521 982 2585 vecti

180 2604 238 2669 Dis
260 2605 370 2670 sedem
393 2605 538 2686 exiguam
559 2605 671 2687 patriis
692 2604 834 2687 litusque
855 2624 1004 2687 rogamus

91 2687 159 2770 230
179 2689 356 2755 lnnoeuum
380 2695 412 2755 et
434 2690 557 2763 cuncis
579 2691 762 2772 undamque
784 2709 958 2773 auramque
979 2695 1153 2773 patentem.

172 2776 254 2841 'Non
276 2775 393 2841 erimus
415 2793 514 2857 regno
536 2776 717 2853 indecores,
739 2794 799 2840 nec
820 2781 930 2841 vestra
950 2775 1075 2842 feretur
1165 2817 1170 2823 .

180 2861 280 2926 Fama
300 2861 379 2926 levis
402 2861 548 2942 tantique
570 2863 734 2927 abolescet
757 2861 860 2943 matio
880 2860 966 2943 facti,

179 2947 247 3011 Nec
270 2947 398 3010 Troiam
420 2948 578 3012 Ausonios
601 2947 721 3030 gremio
745 2947 908 3029 excepisse
930 2948 1061 3030 pigebit

181 3032 265 3097 Fata
285 3050 343 3114 per
364 3033 493 3098 Aeneae
515 3033 585 3096 iuro
608 3034 817 3114 dextramque
839 3038 1013 3114 potentem

92 3115 158 3182 235
181 3117 254 3182 Sive
276 3115 340 3181 fide
362 3135 419 3182 seu
441 3117 512 3198 quis
535 3118 619 3183 bello
644 3121 694 3184 est
716 3122 869 3199 expertus
892 3120 1055 3198 sturmis:

92 3301 207 3361 agreste,
230 3297 283 3347 sine
299 3296 412 3360 legibus,
434 3297 486 3346 sine
503 3297 617 3362 imperio,
639 3297 745 3348 liberum
763 3306 839 3363 atque
857 3295 1008 3367 salutum.“{
1045 3294 1105 3348 204.
1123 3314 1153 3348 ae
1171 3296 1276 3361 tenent}

91 3367 173 3416 vitam
191 3379 261 3416 suam
278 3366 454 3428 moderantem,
472 3369 520 3416 oet.
539 3366 582 3415 dci
597 3381 675 3430 more,
695 3381 764 3416 ruore
781 3381 798 3418 a
814 3365 921 3416 Saturno
939 3367 1062 3429 instituto,
1080 3365 1111 3416 cl.
1129 3365 1202 3416 ovid.
1215 3364 1274 3416 liet.
1379 3360 1393 3379 ''

64 3487 66 3492 ,
92 3432 118 3497 1,
131 3430 228 3499 89sqq.

91 3517 117 3553 v.
131 3501 161 3552 11.
175 3500 198 3564 1,
210 3430 252 3555 51.
264 3529 298 3537 -
311 3501 447 3570 Corythus,
466 3501 574 3553 Cortona
591 3502 717 3565 Etruriae,
736 3502 767 3553 51.
785 3500 810 3567 3,
825 3499 882 3554 170.
894 3531 928 3540 -
938 3504 1020 3554 Hine
1038 3505 1076 3552 ab
1094 3502 1153 3554 aede
1239 3503 1275 3565 5.,

91 3587 117 3621 v.
136 3570 166 3620 E.
186 3569 209 3632 1,
227 3567 283 3639 541
318 3568 377 3621 211.
396 3585 522 3621 numerum
541 3571 664 3622 altaribus
683 3573 785 3622 deorum
803 3571 884 3632 addit,
902 3572 960 3636 quia
979 3578 1004 3622 et
1021 3572 1068 3637 ipsi
1094 3570 1185 3621 altaria
1203 3571 1274 3620 insti-

92 3646 206 3701 tuuntur,
220 3647 248 3690 ut
257 3640 311 3689 deo.
323 3665 355 3676 -
368 3638 416 3689 Alii
425 3639 503 3688 altar.
516 3638 618 3708 auget!
646 3637 705 3692 215.
718 3641 801 3690 nullus
810 3655 883 3689 error
891 3655 935 3689 nec
943 3641 966 3691 lu
977 3640 1139 3690 observandis
1151 3639 1274 3690 sideribus

93 3707 227 3770 admissus,
244 3723 289 3758 nee
306 3721 339 3756 ex
357 3708 511 3772 ignoratione
527 3708 627 3758 litorum
645 3716 820 3774 terrarumque
836 3715 907 3758 ortus
925 3722 970 3761 uas
987 3708 1044 3769 alio,
1062 3722 1136 3773 qaam
1154 3723 1202 3773 que
1219 3713 1274 3758 ten·

92 3776 221 3838 lebamus,
239 3774 357 3838 abduxit3
377 3791 402 3826 v.
420 3770 447 3839 2,
464 3771 538 3841 7311
573 3773 632 3826 218.
650 3776 727 3828 11515.
748 3775 802 3840 Ol,
827 3775 859 3826 ah
871 3777 986 3827 orientali
1019 3772 1179 3839 camoenali!
1213 3773 1274 3828 219.

92 3844 217 3896 Stemma:
234 3843 352 3910 Iuppiter,
364 3842 505 3908 Dardanus,
514 3844 665 3908 Laomedon,
678 3839 815 3906 Priamus!
843 3842 902 3896 220.
916 3860 933 3894 v
943 3843 993 3908 .1o,
1056 3840 1078 3910 ,Ι
1100 3841 1161 3897 225.
1173 3844 1276 3910 rqfuac,

91 3905 238 3980 ἄψορρόῳ,
256 3921 340 3965 terras
357 3913 480 3964 ambiente
496 3921 522 3964 et
540 3914 563 3964 in
583 3929 611 3964 se
628 3915 707 3980 ipsum
725 3911 865 3979 redeunte}
899 3910 959 3965 226.
978 3913 1078 3965 Oceano
1095 3919 1134 3964 est
1142 3912 1275 3964 Ablativus

90 3982 155 4032 loeis
175 3981 196 4030 si
214 3994 285 4047 quem
302 3982 379 4032 litora
397 3981 489 4033 Oceani
507 3982 658 4034 habitantem
678 3987 739 4041 cet.;
759 3981 871 4032 similiter
887 3998 925 4032 vs.
939 3978 990 4033 140
1007 3983 1135 4049 „duplices
1152 3982 1275 4047 Caeloque

91 4049 225 4114 Ereboque
248 4051 396 4117 parentes‚“
419 4051 459 4116 qui
483 4058 540 4101 sunt
562 4052 586 4100 iu
610 4050 699 4114 Caelo,
723 4050 819 4109 Erebo3
842 4048 958 4102 55269.
978 4050 1233 4114 absumendas.
1253 4065 1274 4098 e.

277 3430 337 3484 206.
355 3434 477 3484 Auruncis
494 3434 630 3499 imperasse
646 3434 761 3485 Latinum
778 3434 924 3497 intelligitur
941 3450 973 3485 ax
992 3434 1033 3497 11,
1042 3431 1168 3485 316-19.
1213 3431 1273 3486 209.

92 4116 980 4184 55155150555515550115151555ς555555511555,351,50054
1016 4119 1123 4185 ,Epiro
1148 4118 1274 4185 Hesperia
1384 4146 1392 4165 .

91 4185 117 4252 a,
134 4183 195 4237 soa
213 4184 238 4251 a,
256 4183 316 4238 aro.
327 4188 454 4254 flumana,
478 4189 510 4237 aa
533 4191 636 4250 eumen,
662 4185 687 4248 a,
705 4187 765 4240 cro.
783 4217 817 4226 -
835 4188 949 4249 aaran
973 4205 998 4239 v.
1015 4189 1045 4240 a.
1064 4157 1178 4251 15151
1212 4182 1272 4236 aaa

90 4254 183 4320 lunge:
200 4258 229 4306 ia
246 4255 330 4306 mado
347 4259 472 4322 quattuor
487 4256 641 4322 plagarum,
659 4263 684 4307 et
702 4257 733 4307 ci.
753 4255 783 4306 G.
802 4254 827 4320 1,
844 4254 896 4322 233
914 4261 989 4376 sqqk
1016 4254 1075 4308 230.
1093 4256 1189 4318 Ianua,
1207 4252 1273 4318 quod

91 4325 146 4376 sine
163 4325 277 4376 molestia
294 4330 320 4374 ot
337 4323 445 4392 periculo
463 4325 569 4376 eliorum
584 4327 735 4429 tacemus}
768 4323 821 4376 234
838 4325 950 4391 555015.

990 4342 1013 4392 p.
1032 4326 1064 4375 ad
1081 4323 1137 4374 llis.
1155 4318 1180 4385 7,
1197 4316 1223 4381 5,
1240 4316 1273 4372 11
1353 4331 1369 4365 0
