2942 4975
204 342 247 411 24
578 342 612 409 Ρ.
634 340 800 409 VIRGILI
821 339 1011 407 MARONIS

255 608 261 615 ,
289 530 352 597 Ahl
375 528 502 596 timidos
525 531 638 593 nautas
662 527 792 593 canibus
814 528 972 594 lacerasse
995 527 1139 606 marinis3

287 617 355 681 Aut
376 620 413 681 ut
433 618 572 680 mutatos
595 613 688 679 Terei
711 613 890 679 narraverit
911 618 1009 691 artus,

290 702 375 778 Quas
397 699 444 765 illi
466 699 642 765 Philomela
664 699 776 780 dapes,
798 717 881 780 quae
903 699 987 765 dona
1009 698 1138 781 pararit,

225 786 268 851 80
291 786 360 864 Quo
384 803 478 851 cursu
500 785 629 851 deserta
649 783 814 866 petiverit,
838 783 1007 865 atquibus
1030 789 1105 850 ante

291 869 405 937 Infelix
427 888 484 935 sua
506 874 593 936 tecta
615 869 895 951 supervolitaverit
917 866 999 935 alis?

290 955 416 1034 Omnia,
439 973 534 1037 quae,
557 954 685 1019 Phoebo
708 953 869 1035 quondam
890 954 1078 1034 meditante,
1100 954 1214 1021 beatus

292 1040 403 1107 Audiit
424 1040 563 1107 Eurotas
584 1039 740 1121 iussitque
763 1039 904 1105 ediscere
926 1039 1043 1117 laurus,

290 1127 349 1191 Ille
373 1125 472 1203 canit;
494 1124 605 1207 pulsae
627 1122 773 1189 referunt
795 1124 835 1190 ad
857 1124 963 1191 sidera
984 1125 1097 1203 valles3

227 1211 270 1277 85
293 1210 415 1293 Cogere
439 1210 539 1275 donee
562 1209 629 1275 ovis
652 1209 786 1275 stabulis
808 1228 1038 1291 numerumque
1060 1209 1174 1277 referri

295 1294 393 1362 Iussit
416 1299 449 1361 et
470 1294 569 1361 invito
591 1295 749 1377 processit
771 1295 893 1377 Vesper
915 1294 1058 1377 Olympo.

697 1468 900 1476 --——--——-

527 1584 542 1595 ''
589 1583 880 1662 ECLOGA
922 1584 1007 1666 Vll.

638 1736 963 1793 MEMBOEUS.

430 1852 684 1922 MELIBOEUS.
729 1853 940 1920 CORYDON.
984 1855 1171 1923 THYRSIS.

296 2035 324 2073 ιι.
368 2008 465 2073 Forte
488 2006 545 2072 sub
570 2011 684 2088 arguta
707 2008 895 2073 consederat
916 2008 988 2074 ilice
1011 2009 1163 2091 Daphnis,

296 2092 585 2175 Compulerantque
609 2110 722 2174 greges
746 2092 891 2176 Corydon
915 2099 947 2158 et
970 2094 1099 2175 Thyrsis
1122 2095 1285 2175 inunum,

296 2178 425 2261 Thyrsis
449 2176 528 2257 ovis,
552 2177 698 2260 Corydon
721 2177 878 2243 distentas
899 2179 983 2243 lacte
1007 2180 1153 2261 capellas,

296 2264 397 2330 Ambo
420 2262 571 2328 florentes
594 2263 766 2342 aetatibus,
787 2264 929 2328 Arcades
952 2264 1052 2344 ambo,

252 2348 272 2413 5
295 2350 338 2415 Et
361 2354 490 2415 cantare
513 2367 620 2431 pares,
644 2354 677 2413 et
699 2349 893 2432 respondere
915 2350 1026 2432 parati.

296 2436 367 2501 Huc
389 2434 478 2516 mihi,
502 2435 577 2500 dum
596 2440 725 2500 teneras
748 2434 885 2499 defendo
908 2454 927 2500 a
947 2433 1065 2516 frigore
1087 2440 1217 2518 myrtos

295 2521 353 2586 Vir
375 2522 480 2604 gregis
502 2521 571 2602 ipse
595 2538 690 2602 caper
712 2521 931 2600 deerraverat3
954 2525 1050 2602 atque
1074 2539 1133 2602 ego
1155 2521 1316 2605 Daphnim

297 2605 432 2687 Aspicio.
477 2605 536 2670 Ille
559 2605 612 2669 ubi
635 2624 686 2670 me
709 2609 822 2670 contra
842 2606 944 2671 videt:
974 2606 1083 2685 Ocius,
1105 2606 1218 2688 inquit,

295 2690 367 2755 Huc
390 2690 481 2768 ades,
504 2708 521 2754 ο
544 2689 715 2755 Meliboeel
746 2708 841 2773 caper
864 2691 921 2757 tibi
944 2692 1049 2768 salyns
1073 2697 1106 2757 et
1127 2693 1237 2774 haedi3

235 2775 275 2840 10
296 2775 351 2854 Ει,
375 2773 401 2839 si
423 2774 500 2856 quid
523 2792 647 2840 cessare
669 2779 776 2857 potes,
797 2776 963 2858 requiesce
985 2771 1043 2842 snb
1066 2777 1187 2844 umbra

296 2861 367 2924 Huc
389 2859 450 2942 ipsi
472 2865 584 2942 potum
605 2859 735 2926 venient
757 2879 815 2943 per
836 2866 931 2945 prata
950 2862 1089 2942 iuvenci3

296 2945 358 3010 Hic
379 2943 488 3009 viridis
510 2950 623 3010 tenera
644 2946 803 3028 praetexit
825 2948 979 3012 arundine
1002 2948 1087 3031 ripas

298 3030 446 3108 Mincius,
469 3047 550 3112 eque
572 3047 662 3096 sacra
684 3038 837 3097 resonant
859 3033 1003 3099 examina
1025 3052 1153 3115 quercu.
1459 3052 1460 3079 1

192 3129 194 3137 ’
300 3114 382 3194 Quid
404 3113 564 3182 facerem?
597 3135 701 3198 neque
725 3136 784 3200 ego
800 3118 964 3202 Alcippen,
986 3138 1046 3184 nec
1062 3118 1209 3201 Phylhda
1229 3119 1395 3202 habebam,
1459 3130 1460 3185 ἰ

215 3267 256 3336 12,
273 3265 355 3322 2458
390 3272 409 3340 ,1
437 3265 470 3319 78
482 3285 535 3334 sqq.
554 3269 584 3321 el.
604 3269 675 3320 Ovid.
693 3269 754 3324 Mor.
770 3271 795 3334 6,
807 3269 859 3324 424
871 3288 924 3338 sqq.
942 3300 976 3310 —-
997 3259 1078 3336 rard,
1096 3272 1126 3322 ci.
1144 3288 1184 3324 vs.
1200 3272 1242 3326 42.
1261 3274 1291 3325 A.
1311 3273 1336 3339 1,
1353 3273 1394 3328 41.
1459 3338 1460 3347 1

212 3335 270 3390 120.
295 3335 320 3400 7,
339 3285 397 3390 249.
422 3335 463 3417 12,
483 3334 555 3406 5411
582 3335 630 3418 79.
649 3341 732 3390 dona:
759 3342 850 3392 satiato
870 3341 951 3392 'Tereo
974 3348 1048 3407 caput
1070 3347 1095 3392 et
1118 3344 1193 3407 pedae
1217 3343 1260 3392 lilii
1277 3344 1394 3413 intulit}
1459 3378 1460 3431 l

212 3403 253 3460 80.
273 3423 319 3474 pue
338 3423 427 3470 curren,
445 3422 461 3456 1.
482 3423 503 3458 a.
522 3407 589 3472 quali
607 3423 641 3470 a,
660 3407 758 3458 insolito
777 3410 877 3475 quippe,
895 3424 950 3459 narn
967 3411 990 3459 in
1009 3423 1080 3460 avem
1099 3417 1154 3460 erat
1172 3417 1280 3473 rnutntn;
1299 3428 1394 3464 curares

212 3477 286 3528 etiam
305 3476 334 3524 A.
352 3471 440 3538 6194
465 3474 576 3526 volutum
595 3474 723 3539 significat.
749 3479 840 3542 quibus
859 3479 918 3540 alio,
938 3478 984 3528 alis
1003 3478 1146 3547 lusciniae!
1171 3477 1213 3531 82.
1232 3480 1278 3530 Pa.
1298 3482 1395 3543 madii,

212 3558 237 3593 v.
251 3542 275 3605 1,
288 3542 312 3594 2.
336 3550 388 3594 tum
401 3543 502 3607 scilicet,
516 3559 570 3594 cum
583 3545 756 3611 Hyacinthum,
775 3546 864 3597 Oebali
876 3547 959 3609 fllium,
978 3547 1135 3613 Spartanum,
1153 3548 1254 3598 amabat
1265 3547 1394 3610 Phoebum
1459 3554 1460 3597 ἶ

213 3627 237 3662 v.
256 3608 281 3674 3,
300 3609 374 3681 1061
406 3608 448 3665 83.
469 3612 554 3663 lrums
579 3614 611 3664 ad
628 3612 749 3664 Eurotam
773 3615 848 3673 silas,
873 3629 897 3668 v.
917 3612 941 3676 1,
958 3611 1001 3666 39.
1026 3612 1051 3677 3,
1068 3611 1103 3668 46
1128 3622 1154 3668 ct
1174 3631 1252 3682 snpra
1269 3631 1309 3666 vs.
1328 3615 1395 3682 711
1459 3620 1460 3667 J

212 3674 255 3732 84.
272 3680 372 3776 pulsae,
392 3687 536 3732 resonantes
554 3681 607 3734 eius
626 3689 707 3743 cantu,
725 3687 754 3730 nt
770 3682 801 3733 A.
820 3679 843 3745 7,
856 3680 928 3752 7021
955 3680 997 3734 85.
1017 3685 1257 3750 rogere-rasam,
1275 3691 1305 3734 ut
1321 3687 1352 3736 A.
1370 3683 1395 3746 3,
1459 3702 1460 3753 j

213 3745 254 3801 61.
273 3762 298 3809 o,
318 3744 375 3797 773.
402 3745 442 3812 11,
460 3747 507 3813 84;
531 3757 640 3801 ceterum
658 3765 682 3800 v.
700 3746 725 3813 3,
743 3746 800 3816 341
833 3748 875 3802 86.
895 3752 1004 3818 Vesper,
1023 3752 1162 3817 Hesperus,
1187 3753 1293 3806 Veneris
1312 3755 1394 3806 atella.
1459 3790 1460 3811 2

213 3818 300 3876 e'rrvito,
320 3817 384 3879 quod
403 3816 483 3882 ipsum
501 3818 597 3869 caelum
616 3818 715 3882 lingitur
732 3835 808 3882 aegre
827 3819 901 3882 ferre,
919 3828 990 3871 nocte
1008 3820 1137 3884 ingruente
1156 3837 1255 3874 carmen
1273 3823 1346 3872 liniri.

280 3886 403 3950 Eulogo
424 3892 495 3936 vll.
532 3887 630 3953 Scripta
648 3887 748 3938 videtur
769 3889 831 3939 haec
847 3888 900 3939 Ecl.
918 3903 979 3942 vere
997 3889 1053 3939 anni
1071 3885 1122 3940 716
1140 3905 1162 3956 p.
1182 3907 1206 3940 n.
1225 3906 1247 3940 c.
1266 3890 1286 3971 11
1307 3889 1331 3942 1.
1352 3907 1395 3942 ar·

208 3956 288 4018 gata,
307 3951 429 4014 sibilante,
447 3955 504 4006 dum
523 3955 571 4006 leni
590 3961 663 4006 vento
682 3956 808 4020 agitatur,
828 3955 934 4009 Theocr.
954 3955 977 4017 1,
996 3955 1010 4008 l
1030 3955 1082 4024 aa!
1110 3954 1134 4008 2.
1152 3956 1258 4010 Theocr.
1271 3959 1295 4022 b,
1309 3957 1325 4009 1
1339 3956 1394 4024 811

211 4018 236 4074 4.
255 4019 360 4072 Theocr.
372 4018 397 4084 8,
410 4017 452 4072 3s
471 4031 526 4072 .·—
543 4023 654 4075 Arcades
673 4025 742 4074 servi
759 4031 815 4090 post
832 4025 939 4077 deletam
952 4025 1096 4076 Corinthum
1114 4027 1138 4076 in
1151 4026 1257 4087 ltaliam,
1273 4027 1317 4077 nbi
1337 4029 1396 4080 haee
1459 4068 1460 4085 2

211 4097 341 4152 geruntur,
360 4087 390 4139 ci.
404 4104 441 4139 vs.
454 4038 497 4154 13,
515 4091 613 4142 venisse
632 4091 760 4151 videntur,
780 4094 826 4144 nisi
845 4094 940 4144 erpuino
959 4099 1074 4160 pastores
1088 4095 1395 4157 significantnrhrcadicie

212 4157 327 4224 similes}
354 4152 378 4207 5.
388 4173 421 4235 -ν,
435 4154 555 4230 5,1311
582 4157 606 4211 6.
625 4159 678 4224 des.
697 4160 1222 4280 1113111111,ιιιιιιιιοιιιίεοιιειιςοιιε.
1259 4160 1393 4215 7.Theoar.
1459 4178 1460 4187 ¹

212 4221 237 4290 8,
254 4221 296 4278 49.
315 4254 349 4262 -
368 4225 501 4288 decerna,
528 4225 558 4278 G.
576 4224 601 4289 2,
619 4223 678 4278 200.
697 4227 727 4278 A.
747 4225 761 4278 1
782 4225 864 4290 ,38
883 4245 947 4295 grex
965 4246 1019 4280 cum
1038 4231 1091 4296 ipso
1110 4246 1194 4297 capro,
1212 4250 1243 4282 e.
1263 4247 1301 4281 vs.
1319 4229 1344 4282 9.
1363 4261 1395 4270 -
1459 4248 1460 4275 ι

211 4298 290 4362 atque
309 4295 346 4346 hic
364 4291 423 4346 iacit
441 4297 663 4364 exspectationem
688 4294 718 4345 cf.
736 4296 767 4359 A,
786 4295 810 4361 6,
829 4295 887 4350 162.
907 4295 931 4362 7,
949 4294 990 4350 29.
1011 4296 1051 4361 16,
1069 4296 1121 4350 219
1139 4306 1165 4350 et
1182 4313 1207 4350 v.
1225 4300 1255 4351 A.
1272 4298 1297 4362 4,
1315 4295 1394 4363 2611
1459 4306 1460 4365 1

214 4359 322 4414 11-13.
348 4362 539 4417 commendatur
563 4365 631 4416 locus
657 4379 740 4418 rernm
765 4365 924 4418 iucunditate.
947 4395 978 4404 -
1004 4369 1066 4433 ipsi,
1092 4375 1191 4433 sponte,
1220 4368 1315 4420 scilicet
1340 4371 1395 4434 quia
1459 4368 1460 4397 r

127 4550 858 4948 anth
