2942 4975
200 305 266 375 392
571 303 605 368 Ρ.
626 302 791 367 VIRGILI
813 301 1001 368 MARONIS

369 492 525 558 Iunonem
545 490 671 556 interea
693 491 865 572 compellat
885 489 1030 572 luppiter
1052 492 1153 558 ultro·

289 578 316 644 Ο
340 595 492 659 germana
512 575 588 640 mihi
611 580 708 657 atque
731 576 843 641 eadem
865 575 1047 656 gratissima
1068 577 1213 657 coniunx,

287 663 333 728 Ut
354 661 482 741 rebare,
505 662 615 726 Venus
633 694 678 711 κ-
700 679 760 726 nec
782 666 815 726 te
838 661 1000 726 sententia
1020 660 1105 728 fallit
1125 699 1170 712 -

217 819 222 825 ‚
289 747 442 813 Troianas
464 751 625 812 sustentat
647 765 737 828 opes,
759 765 822 812 non
844 746 949 810 uiuida
969 747 1056 814 bello

202 833 266 898 610
286 833 411 898 Dextra
431 832 507 898 viris
529 832 715 912 animusque
738 830 828 896 ferox
849 831 1039 913 patiensque
1061 833 1182 914 pericli.

288 917 347 983 (lui
368 919 448 983 luno
470 917 640 982 submissa:
670 917 765 995 Quid,
788 935 807 981 o
829 916 1042 999 pulcherrime
1065 919 1210 998 coniunx,

287 1003 449 1068 Sollicitas
470 1022 601 1084 aegram
622 1007 656 1068 et
677 1007 734 1067 tua
755 1002 860 1067 tristia
881 1001 967 1069 iussa
988 1003 1178 1070 timentem?

288 1087 323 1152 Si
345 1089 435 1167 mihi,
458 1107 540 1169 quae
562 1089 722 1168 qnondam
744 1086 861 1165 fuerat,
884 1106 1042 1170 quamque
1065 1106 1136 1154 esse
1158 1089 1304 1168 decebat,

287 1174 344 1238 Vis
365 1174 400 1239 in
422 1191 530 1245 amore
552 1172 650 1251 foret,
672 1191 736 1238 non
757 1173 818 1238 hoc
840 1173 918 1236 mihi
939 1192 1078 1254 namque
1099 1192 1244 1255 negares,

202 1258 266 1324 615
288 1258 512 1341 Omnipotens,
534 1258 610 1339 quin
634 1264 667 1322 et
688 1277 814 1340 pugnae
837 1258 1015 1323 subducere
1039 1259 1182 1326 Turnum
1333 1256 1335 1266 ⁴

287 1344 332 1408 Et
352 1345 466 1408 Dauno
488 1362 615 1425 possem
636 1344 829 1411 incolumem
850 1362 980 1408 servare
1001 1344 1137 1425 parenti

286 1428 380 1494 Nunc
401 1434 528 1511 pereat,
552 1428 748 1510 Teucrisque
770 1429 822 1510 pio
846 1429 902 1494 det
924 1428 1078 1510 sangiune
1100 1448 1230 1511 poenas.

287 1515 347 1579 llle
370 1519 479 1580 tamen
500 1520 612 1579 nostra
634 1514 765 1580 deducit
787 1515 909 1596 origine
931 1533 1057 1593 nomen,

287 1599 517 1680 Pilumnusque
538 1599 585 1664 illi
607 1604 741 1680 quartus
762 1605 868 1682 pater3
892 1603 925 1663 ct
947 1604 1004 1664 tua
1023 1600 1113 1680 larga

203 1683 267 1749 620
288 1684 391 1767 Saepe
413 1705 510 1751 manu
532 1685 704 1765 multisque
727 1685 871 1750 oneravit
892 1684 1002 1750 limina
1024 1684 1124 1750 donis.

289 1770 348 1835 Oui
368 1789 426 1834 rex
448 1770 583 1834 aetherii
606 1771 746 1835 breviter
769 1770 814 1836 sie
835 1769 921 1837 latus
944 1770 1083 1852 Olympi3

289 1854 323 1919 Si
344 1874 434 1920 mora
455 1855 634 1937 praesentis
655 1855 715 1920 leti
735 1859 925 1937 tempusque
951 1855 1068 1920 caduco

290 1939 409 2005 Oratur
429 1940 548 2018 iuveni,
571 1959 685 2021 meque
707 1941 769 2006 hoc
789 1940 838 2006 ita
857 1960 977 2023 ponere
1000 1941 1109 2020 sentis,

289 2024 380 2090 Tolle
402 2025 479 2106 fuga
500 2026 642 2090 Turnum
664 2029 762 2106 atque
785 2026 979 2092 instantibus
1003 2026 1090 2107 eripe
1112 2025 1195 2092 latis.

203 2109 267 2176 625
289 2110 453 2176 Hactenus
475 2111 646 2176 indulsisse
668 2116 770 2176 vacat.
815 2111 871 2176 Sin
893 2111 988 2176 altior
1010 2111 1081 2178 istis

288 2194 353 2260 Sub
376 2195 524 2278 precibus
546 2197 639 2261 venia
661 2197 727 2261 ulla
749 2198 1033 2277 latet,totumque
1055 2196 1176 2262 moveri

287 2281 446 2346 Mutarive
468 2285 563 2364 putas
585 2282 718 2360 bellum,
742 2301 815 2364 spes
837 2283 940 2364 pascis
962 2283 1074 2347 inanis.

287 2367 333 2430 Et
352 2368 432 2432 Iun-o
455 2367 680 2432 adlacrimans:
709 2368 807 2446 Quid„
828 2369 868 2448 si,
891 2386 1073 2450 quaerore
1097 2367 1247 2448 gravaris,

254 2490 261 2500 ·
288 2451 399 2518 Mente
422 2453 528 2533 dares,
551 2458 648 2535 atque
670 2453 751 2520 haec
774 2455 881 2521 Turno
903 2457 975 2519 rata
996 2453 1063 2519 vita
1084 2453 1253 2519 maneret?

174 2551 178 2565 ·
202 2538 267 2603 630
288 2538 381 2603 Nunc
402 2544 512 2604 manet
533 2540 694 2604 insontem
714 2540 821 2620 gravis
844 2540 961 2619 exitus,
983 2545 1040 2604 aut
1062 2556 1121 2620 ego
1143 2539 1213 2603 veri

248 2637 252 2648 ‘
288 2623 380 2689 Vana
400 2622 495 2689 feror.
541 2624 633 2701 Quod
654 2630 692 2689 ut
713 2643 731 2689 o
755 2626 861 2707 potius
883 2624 1054 2689 formidine
1076 2623 1156 2691 falsa

288 2708 409 2788 Ludar,
434 2710 521 2774 et'in
543 2711 657 2775 melius
680 2716 749 2789 tua,
772 2710 826 2792 qui
848 2714 953 2793 potae,
976 2728 1050 2775 orsa
1070 2708 1233 2775 reflectas!

288 2794 378 2858 Haec
399 2794 454 2859 ubi
477 2794 563 2859 dicta
586 2796 687 2874 dedit,
710 2796 798 2861 caelo
822 2814 855 2861 se
878 2796 1024 2877 protinus
1046 2795 1112 2859 alto

288 2878 390 2957 Misit,
413 2898 511 2960 agens
532 2881 670 2945 hiemem
692 2882 798 2946 nimbo
821 2881 984 2947 succincta
1005 2899 1063 2962 per
1086 2897 1188 2959 aurae,

203 2962 269 3027 635
289 2963 484 3045 Iliacamque
506 2966 607 3031 aciem
629 2972 664 3031 et
684 2967 860 3032 Laurentia
883 2969 988 3031 castra
1009 2966 1130 3047 petiuit
1254 2966 1257 2977 '

200 3101 276 3150 breve
294 3104 397 3167 tempus
411 3116 459 3167 per
470 3102 559 3153 dolum
570 3101 734 3165 subtrahat!
770 3100 829 3153 606.
848 3104 925 3166 ultro,
943 3118 967 3152 v.
979 3118 1017 3153 vs.
1030 3100 1104 3171 3121
1134 3098 1192 3153 607.
1206 3100 1237 3153 11.
1251 3100 1277 3165 1,
1288 3098 1324 3155 46
1335 3098 1386 3167 sq!

201 3164 261 3221 608.
276 3175 389 3236 spectant
400 3171 461 3220 haec
473 3173 552 3221 verba
564 3173 636 3238 plena
649 3173 821 3223 amaritudinis
834 3173 866 3221 ad
879 3172 1014 3221 orationem
1026 3171 1126 3221 lunonis
1138 3166 1298 3235 11631111
1326 3166 1385 3221 609.

82 3256 89 3279 c
200 3236 344 3303 palchen,
362 3238 457 3289 referes
476 3241 522 3290 boc
539 3242 570 3290 ad
588 3242 733 3305 dignitatem
753 3242 804 3291 oris
817 3241 913 3306 planura
926 3240 1087 3304 maiestatis!
1123 3236 1183 3290 610.
1200 3238 1386 3289 virtallativus

201 3307 385 3373 possessionem
402 3307 526 3359 indicans:
549 3325 613 3373 quae
636 3316 677 3361 est
698 3310 772 3372 viris,
797 3309 927 3370 Troianis3
951 3308 1065 3374 Xenopb.
1085 3308 1177 3375 Cyrop.
1194 3303 1221 3370 4,
1238 3306 1265 3370 6,
1281 3301 1299 3356 4
1318 3300 1387 3369 ,τὸν

201 3367 296 3442 μόνον
313 3390 366 3441 μοι
383 3372 501 3436 παῖδα,“
522 3378 562 3442 qni
580 3379 637 3428 mibi
654 3386 694 3428 est
711 3374 821 3439 uniens}
858 3374 914 3427 612.
935 3380 1037 3440 tumltu,
1061 3376 1173 3427 Donatus
1191 3375 1345 3441 ,imperiosa
1362 3383 1387 3425 et

201 3458 267 3508 quae
279 3443 430 3509 prohibentis
442 3446 551 3497 habeant
562 3444 682 3510 minasf‘l
711 3444 770 3496 614.
786 3445 861 3508 lunge
874 3446 941 3495 111111·
951 3462 1069 3510 namque,
1086 3451 1198 3495 nostrum
1210 3446 1263 3493 mir
1275 3445 1387 3509 gerarde,

202 3508 301 3579 ἔμοιγε
320 3503 364 3575 δή,
382 3514 449 3577 mibi,
466 3529 529 3579 quae
548 3530 603 3565 sum
621 3516 710 3564 coniux
728 3522 785 3577 tua3
804 3522 830 3564 et
847 3531 871 3564 v.
890 3511 916 3577 8,
933 3512 990 3580 84.Ι
1027 3511 1084 3563 618.
1103 3528 1208 3577 nornen,
1232 3511 1291 3578 quia
1309 3513 1387 3562 nomi-

202 3587 278 3629 natur
296 3581 361 3631 inter
378 3597 435 3646 eos,
459 3584 499 3647 qui
518 3582 565 3633 diis
582 3582 795 3649 prognati·sunt.l
830 3579 888 3632 619.
906 3582 967 3646 Pau,
986 3582 1087 3632 Saturni
1105 3581 1178 3631 filius.
1196 3608 1230 3618 -
1248 3584 1337 3646 quart.
1353 3597 1388 3647 pu,

203 3648 324 3719 abavus}
359 3647 418 3700 623.
435 3667 500 3717 meq.
518 3651 543 3701 Ιι.
563 3654 580 3701 t.
595 3667 621 3717 p.
639 3670 675 3716 1.,
699 3653 720 3701 si
743 3668 773 3701 ea
796 3658 836 3701 est
857 3658 901 3701 tua
925 3652 1047 3703 sententia
1072 3648 1102 3715 (i.
1120 3665 1142 3699 e.
1168 3649 1189 3699 si
1208 3650 1254 3699 boe
1271 3648 1341 3717 vis),
1359 3656 1388 3699 ut

204 3714 251 3763 hoc
267 3717 304 3765 ita
321 3720 492 3786 constituam!
528 3716 587 3769 625.
606 3720 814 3782 encaemorum
832 3726 878 3769 est.
891 3746 925 3755 -
943 3719 984 3770 Sin
1003 3719 1103 3767 maioris
1122 3717 1232 3769 beneficii
1250 3718 1388 3781 concessio,

206 3782 284 3833 altior
302 3788 390 3848 11111,
412 3802 428 3837 1
450 3794 475 3837 te
497 3787 614 3853 petitum!
649 3785 708 3841 626.
730 3790 843 3849 moveri,
866 3788 933 3850 tolli,
959 3787 1071 3839 Donatus
1089 3781 1200 3852 „pouif‘l
1237 3780 1298 3838 629.
1317 3787 1387 3849 buce,

203 3866 249 3918 pro
268 3847 482 3925 quaintcrcedo.1
518 3854 576 3909 630.
599 3860 655 3909 everi
678 3872 760 3917 uana,
784 3854 815 3905 cl.
834 3856 858 3919 7,
876 3850 950 3923 4401
985 3853 1043 3906 631.
1056 3856 1151 3919 seror,
1174 3870 1200 3904 v.
1223 3850 1250 3916 4,
1275 3852 1336 3906 110.
1354 3880 1388 3891 -

203 3916 283 3981 Quod,
301 3935 350 3984 qua
366 3923 391 3971 in
409 3940 436 3974 11
454 3941 476 3975 s.
495 3927 560 3989 quod
579 3928 668 3976 attinet
685 3927 718 3977 ad
735 3926 773 3986 id,
796 3926 890 3975 utinum
908 3924 1006 3975 frustra
1024 3924 1147 3973 metuam!
1165 3922 1301 3973 Crebriora
1318 3923 1388 3985 talin,

203 3987 277 4066 quale
294 3986 369 4048 Quod
385 3993 422 4054 si,
438 3992 510 4055 Quod
526 3996 599 4060 11111
635 3991 693 4045 632,
711 3997 760 4059 qui
773 3997 860 4059 potes:
882 4010 940 4045 num
956 3994 1033 4055 igitur·
1050 3992 1138 4042 tollere
1157 3989 1210 4043 latu
1227 3998 1315 4109 {otest
1329 3990 1388 4056 Iup·
1467 4010 1468 4013 ¹

204 4056 286 4121 prterl
313 4056 423 4124 mnino,
448 4060 548 4111 (11111111
565 4064 648 4113 exitus
667 4078 751 4112 rerum
770 4078 785 4110 a
802 4060 1021 4112 fatoconstitutos
1042 4061 1113 4123 licet,
1135 4060 1167 4111 cf.
1186 4058 1210 4122 7,
1246 4057 1280 4109 14
1298 4076 1346 4125 sq,
1363 4058 1387 4109 il

204 4124 271 4188 quod
288 4120 350 4173 facit
366 4123 475 4192 luppiter
492 4146 530 4179 vs.
548 4127 606 4179 624.
642 4130 727 4183 Potuit
745 4136 826 4181 antem
845 4131 930 4181 Turno
948 4130 1026 4179 vitam
1044 4143 1148 4181 servare
1166 4126 1287 4194 luppiter,
1305 4128 1328 4179 si
1345 4126 1388 4177 ille

203 4192 358 4255 quiesceret;
381 4209 440 4245 nam
458 4194 504 4248 fuit
521 4196 611 4260 fatale,
629 4207 658 4251 ut
674 4200 706 4249 id
723 4197 841 4248 bellum
859 4214 936 4250 causa
953 4197 1040 4251 mortis
1058 4196 1143 4249 Turno
1161 4197 1298 4259 existeret,
1319 4195 1387 4261 atqui

204 4260 271 4310 baud
290 4262 415 4325 ignoravit
432 4261 542 4332 Iuppiter
559 4282 615 4316 eum
632 4283 681 4317 non
699 4281 756 4318 esse
775 4267 922 4331 quieturum.
951 4265 1012 4317 Iuno
1031 4272 1113 4317 autem
1131 4282 1177 4315 non
1195 4264 1258 4315 illud
1274 4272 1343 4328 orat,
1358 4270 1388 4314 ut

204 4327 257 4379 lata
275 4332 458 4400 rescindantur,
475 4335 522 4385 sed
538 4344 566 4385 nt
583 4335 661 4385 salvis
679 4334 738 4385 fatis
751 4334 851 4386 Turnus
865 4336 895 4385 ab
915 4335 991 4385 armis
1010 4331 1142 4387 discedat!
1177 4330 1236 4385 634.
1254 4348 1342 4399 agens
1353 4334 1387 4397 1.,
