2942 4975
506 344 726 412 susumus
747 346 828 411 LIB.
850 346 904 411 vl.

108 532 179 601 206
200 532 303 611 Quale
324 533 410 599 solet
430 533 519 598 silvis
540 531 676 602 brumeli
697 530 817 614 frigore
838 532 961 598 viscum

199 620 330 685 Fronde
351 618 460 683 virere⁴
477 636 573 697 nova,
595 618 681 701 quod
702 636 766 682 non
789 637 848 683 sua
869 618 1008 685 seminat
1028 621 1132 703 arbos,

200 704 246 771 Et
266 722 381 771 croceo
402 703 474 769 fetu
494 704 609 769 teretia
632 703 829 769 circumdare
852 708 998 771 truncos:

200 790 288 855 Talis
310 793 382 855 erat
402 788 527 872 species
548 788 617 853 aun'
638 788 819 855 frondentis
842 807 943 871 opaca

199 876 293 956 llice,
316 875 361 940 sic
382 874 449 940 leni
471 873 650 956 crepitabat
670 875 800 940 brattea
819 880 926 943 vesco.

111 961 179 1028 210
201 960 342 1043 Corripit
363 960 490 1026 Aeneas
514 960 689 1043 extemplo,
711 960 887 1042 avidusque
909 959 1057 1044 refringit

202 1047 415 1111 Cunctantem
438 1050 472 1109 et
492 1045 575 1109 vatis
597 1050 707 1127 portat
727 1046 787 1110 sub
810 1050 898 1113 tecta
920 1045 1068 1129 Sibyllae.
1133 1066 1136 1071 ⁴

283 1132 352 1197 Neo
373 1131 478 1195 minus
499 1130 626 1197 interea
647 1131 807 1197 Misenum
829 1130 863 1195 in
884 1132 980 1196 litore
1003 1133 1119 1199 'leucri

200 1217 354 1295 Flebant,
376 1221 411 1281 et
432 1215 533 1281 cineri
552 1216 680 1297 ingrato
703 1234 853 1299 suprema
874 1216 1031 1283 ferebant

199 1302 363 1385 Principio
383 1301 535 1383 pinguem
558 1302 663 1367 taedis
684 1307 719 1366 et
739 1303 855 1369 robore
877 1307 967 1367 scoto

112 1387 179 1456 215
201 1388 370 1469 Ingentem
392 1391 539 1451 struxere
560 1406 685 1468 pyram,
707 1388 759 1451 cui
781 1386 947 1452 frondibus
969 1388 1048 1453 atris

203 1472 357 1538 Intemmt
375 1473 492 1551 latera,
515 1476 550 1538 et
570 1471 681 1538 feralis
702 1477 779 1537 onte
802 1488 970 1554 cupressos

203 1558 423 1637 constituunt,
446 1559 664 1639 decorantque
686 1576 783 1639 super
804 1557 1002 1639 fulgentibus
1025 1557 1130 1626 armis.

201 1644 282 1709 Pars
304 1644 424 1709 calidos
443 1643 558 1707 latices
580 1648 614 1708 et
636 1662 718 1708 aena
739 1643 895 1709 undantia
916 1641 1050 1708 flammis

157 1804 159 1809 ,
200 1729 397 1810 Expediunt,
420 1746 601 1811 corpusque
623 1729 732 1793 lavant
752 1727 901 1809 frigentis
924 1732 958 1793 ot
979 1732 1135 1810 unguunt

5 1892 12 1905 ι
112 1815 181 1881 220
200 1814 255 1879 Fit
276 1810 423 1895 gemitus.
468 1814 550 1878 Tum
571 1813 716 1879 membra
737 1818 809 1878 toro
831 1811 950 1879 defleta
970 1818 1141 1895 reponunt,

194 1900 446 1982 ‚Purpureusque
469 1916 567 1981 super
586 1904 707 1978 vestes,
729 1898 888 1964 velamina
909 1904 994 1977 nota,

7 2055 11 2068 ,
101 2003 105 2008 ’
202 1984 391 2051 Coniiciunt
432 1984 513 2049 Pars
534 1984 659 2067 ingenti
680 1985 809 2049 subiere
831 1983 962 2061 feretro,

101 2058 113 2087 ⁴
201 2070 309 2135 'liiste
330 2069 556 2149 ministerium,
579 2074 613 2134 et
634 2070 811 2135 subiectam
833 2087 922 2134 more
943 2074 1114 2151 parentum

57 2150 64 2164 '
130 2188 133 2191 -
200 2155 315 2220 Aversi
337 2159 471 2220 tenuere
492 2154 605 2220 facem.
650 2154 812 2236 Congesta
834 2160 1018 2225 cremantur

112 2239 179 2308 225
200 2241 309 2307 Turea
331 2241 429 2318 dona,
451 2240 564 2321 dapes,
585 2238 657 2304 fuso
679 2245 822 2305 crateres
844 2240 936 2304 olivo.

199 2326 376 2407 Postquam
400 2325 542 2406 conlapsi
566 2325 691 2391 cineres
713 2331 747 2391 et
768 2324 896 2390 damma
916 2323 1045 2406 quievit,
1157 2398 1159 2412 Ι

202 2410 365 2494 Reliquias
386 2410 461 2475 vino
484 2415 519 2475 et
539 2410 679 2476 bibulam
701 2411 809 2476 lavere
831 2409 981 2490 favillam,

182 2550 184 2553 .
202 2497 347 2578 Ossaque
369 2496 456 2562 lecto
477 2496 557 2562 cado
578 2497 661 2561 terit
682 2495 866 2579 Corynaeus
888 2513 978 2561 aeno.

201 2583 292 2647 Idem
314 2587 367 2647 ter
387 2581 491 2647 socios
511 2601 594 2664 pura
616 2583 812 2647 circumtulit
832 2582 928 2660 unda,

114 2667 181 2733 230
202 2665 363 2749 Spargens
384 2686 458 2731 rore
479 2668 543 2731 levi
566 2673 600 2732 et
620 2687 710 2733 ranno
731 2666 834 2732 felicis
856 2668 969 2746 olivae,

201 2753 430 2834 Lustravitque
450 2753 551 2831 viros,
572 2752 715 2835 dixitque
738 2753 908 2818 novissima
928 2751 1035 2817 verba

201 2839 246 2903 At
259 2838 339 2919 pins
360 2839 487 2903 Aeneas
507 2838 633 2920 ingenti
654 2839 740 2904 mole
762 2839 966 2924 sepulchrum

201 2922 332 3006 Inponit
353 2941 474 3004 suaque
496 2941 585 2988 arma
606 2924 675 2988 viro
697 2942 885 3006 remumque
907 2924 1081 3006 tubamque

132 3043 143 3064 κ
200 3009 313 3073 Monte
335 3008 400 3073 sub
418 3009 517 3087 aerio,
539 3010 594 3091 qui
616 3029 702 3074 nunc
723 3010 867 3076 Misenus
889 3009 929 3074 ab
951 3010 1008 3074 illo

115 3092 181 3159 235
201 3093 340 3172 Dicitur,
363 3099 594 3176 aeternumque
616 3099 709 3160 tenet
729 3114 789 3177 per
811 3095 940 3160 saecula
961 3113 1087 3160 nomen.

114 3282 206 3357 φάεος
228 3282 322 3353 turpi
347 3291 444 3342 Gallim.
469 3291 499 3340 ll.
519 3292 542 3341 in
559 3291 630 3342 Dian.
656 3288 715 3354 117,
738 3298 764 3342 et
784 3307 810 3342 v.
829 3290 853 3354 1,
871 3286 948 3361 5464
980 3288 1042 3341 206.
1060 3291 1126 3356 quod
1142 3308 1167 3342 n.
1184 3308 1206 3340 s.
1224 3307 1245 3340 s.
1263 3307 1297 3354 ra,

114 3366 202 3409 uatum
219 3359 243 3408 in
262 3359 344 3409 aliene
362 3358 480 3422 arborei
513 3357 573 3410 211.
593 3359 779 3410 Cunctantem.-
804 3367 831 3409 at
848 3358 879 3409 cf.
898 3375 937 3410 vs.
955 3355 1020 3421 1463
1038 3361 1150 3410 nimirum
1168 3365 1240 3409 tantu
1257 3364 1298 3410 est

114 3428 224 3478 aviditas
236 3427 345 3491 Aeuom,
363 3435 390 3478 ut
402 3445 450 3478 non
468 3428 657 3494 decerpere,
675 3429 719 3478 sed
734 3429 760 3478 vi
777 3428 959 3492 refringere
978 3444 1032 3478 eum
1051 3443 1154 3490 ramum,
1172 3435 1297 3491 uniquam

113 3502 282 3557 mactantem,
308 3498 427 3560 fingatur.
462 3496 501 3547 lta
524 3496 577 3546 fere
599 3495 739 3615 Servius„
780 3494 926 3548 212-263.
953 3498 1094 3561 Postquam
1121 3498 1193 3546 iusta
1214 3495 1298 3558 surio

113 3569 178 3614 aaut
195 3564 306 3627 Misereo,
327 3567 434 3616 Aenus
451 3568 580 3615 mactatis
601 3566 693 3615 bestiis
734 3581 790 3628 eos,
813 3581 876 3632 quos
895 3580 947 3632 por·
969 3568 1020 3626 est,
1044 3569 1184 3614 carnalos
1201 3562 1297 3630 Sibylla

113 3634 179 3685 decos
192 3648 241 3698 per
250 3633 355 3696 sorores
372 3637 474 3684 Acervo
488 3634 621 3684 descendit
637 3634 676 3684 ad
691 3635 816 3699 iasone!
850 3632 910 3684 212.
929 3627 982 3684 Nec
998 3635 1089 3682 nefarie
1102 3641 1127 3684 et
1144 3630 1196 3684 Noc
1206 3633 1297 3682 minus

112 3705 217 3753 fortem
233 3702 322 3751 crebra
341 3709 381 3752 est
397 3704 462 3768 apud
480 3702 612 3766 Virgilium
630 3700 737 3752 formula
756 3703 903 3753 transeundi
920 3701 952 3751 ed
970 3701 1044 3750 aliam
1064 3715 1114 3752 rem
1135 3702 1175 3753 vel
1194 3700 1297 3751 similem

111 3770 155 3820 rel
172 3768 324 3833 dissimilem,
342 3786 406 3837 quae
422 3772 451 3821 ut
468 3772 553 3822 eodem
571 3777 697 3835 tempore,
719 3787 767 3836 quo
794 3787 835 3821 res
853 3777 911 3821 anto
929 3769 1144 3823 commemorata!
1179 3765 1239 3820 213.
1257 3771 1298 3820 in·

111 3844 204 3904 gralo,
221 3840 329 3900 gratiam
347 3855 391 3890 nec
409 3840 523 3891 sentienti
541 3854 585 3889 nec
603 3838 742 3891 referenti!
777 3835 835 3888 215.
855 3841 933 3896 afris,
950 3838 1135 3901 signiensibus,
1148 3838 1297 3904 cupressinis

112 3911 158 3957 eut
176 3907 321 3964 similibus!
354 3906 406 3959 217
424 3915 450 3959 et
466 3906 526 3959 221.
545 3907 577 3957 cf.
596 3905 637 3970 11,
656 3905 815 3963 lot-1961
850 3904 909 3957 221.
927 3911 1002 3969 croto,
1025 3922 1050 3956 v.
1070 3904 1111 3970 11,
1129 3905 1203 3974 1954
1236 3903 1296 3956 225.

111 3976 207 4042 dapes,
228 3976 357 4038 victimae,
379 3977 411 4027 cf.
430 3976 471 4041 11,
490 3972 540 4029 197
558 3991 611 4041 sqq.
628 4003 663 4013 -
684 3980 805 4026 waleros
815 3975 885 4041 serso
908 3974 1010 4040 (infuso)
1029 3975 1116 4034 oliuo,
1127 3984 1157 4028 ut
1173 3977 1202 4026 ll.
1220 3974 1245 4038 5,
1263 3972 1297 4024 68

113 4047 233 4094 crateres
249 4044 331 4104 oldut!
366 4043 416 4096 227
435 4063 472 4110 sq.
491 4045 522 4096 cf.
541 4045 610 4095 llom.
628 4045 657 4095 ll.
674 4042 718 4108 23,
734 4041 787 4094 250
805 4041 870 4110 sqq]
905 4040 966 4094 229.
984 4060 1009 4094 v.
1031 4042 1058 4108 4,
1077 4041 1137 4096 500.
1172 4045 1219 4096 Est
1237 4046 1297 4094 bueo

111 4109 180 4162 facto
205 4111 291 4162 lunae
312 4114 437 4165 sollemnis
459 4113 602 4167 lustratio!
636 4111 695 4164 230.
713 4114 807 4180 felicis
831 4114 874 4172 ot,
901 4119 929 4163 ut
951 4114 1049 4164 arboris
1073 4112 1218 4165 fructiferae
1240 4127 1297 4178 pro·

111 4188 250 4248 pterosque
267 4182 341 4232 etiam
360 4199 431 4233 usum
452 4184 564 4233 babeatis
580 4184 604 4232 in
622 4185 711 4244 serris,
729 4198 794 4247 quse
811 4183 873 4232 burst
891 4184 988 4248 superis
1006 4183 1067 4244 diis,
1093 4188 1179 4232 contra
1198 4178 1298 4245 inscito

90 4309 94 4315 .
112 4264 152 4308 ea,
169 4249 193 4298 in
212 4265 259 4314 que
278 4258 394 4301 neutrum
412 4252 499 4301 borum
517 4251 582 4304 esti
617 4249 676 4301 231.
694 4255 791 4302 nonies.
808 4266 840 4310 u,
859 4253 973 4301 Servius:
993 4249 1136 4314 ‚,llicet;“
1152 4265 1201 4314 quo
1219 4247 1296 4298 verbo

94 4316 317 4381 ¹dimittebantur,
339 4321 379 4385 qui
402 4321 534 4384 exsequias
558 4320 660 4374 ierant!
694 4317 754 4370 233.
781 4318 812 4370 cf.
835 4319 906 4370 llum.
927 4316 1298 4388 Odyss.12,15.-fnptmr't

110 4386 238 4453 reputem,
254 4388 329 4453 ‘pouit
352 4389 377 4438 in
401 4389 444 4439 illo
465 4389 520 4438 loco
541 4389 661 4438 tumulum
682 4396 752 4438 terra
766 4394 890 4451 ¹aggestu.
908 4415 943 4424 —
966 4401 1042 4451 susq.
1062 4403 1085 4436 u.
1102 4389 1174 4448 uiro,
1197 4384 1253 4434 ie.
1271 4389 1298 4432 et
