2942 4975
198 303 260 375 tto
566 306 600 371 Ρ.
622 300 788 369 VlBGlLI
809 287 1000 367 MARONIS

283 494 373 573 Quae
394 508 466 573 nos,
488 488 640 572 reliquias
661 484 823 566 Danaum,
844 494 1015 569 terraeque
1036 487 1199 569 marisque

283 578 438 647 Omnibus
461 577 631 643 exhaustos
653 570 716 639 lam
740 574 877 651 casibus,
900 572 1041 637 omnium
1063 590 1193 657 egenos,

197 666 262 732 600
282 664 383 744 Urbe,
406 664 513 741 domo,
536 660 652 738 socias,
674 665 783 741 grates
804 658 989 741 persolvere
1011 658 1124 739 dignes

283 750 356 816 Non
379 749 448 831 opis
470 752 521 813 est
541 751 686 824 nostrae,
708 744 807 823 Dido,
821 761 888 809 nec
910 742 1066 826 quidquid
1086 742 1207 825 ubique
1230 748 1280 811 est

285 835 406 911 Gentis
419 832 616 908 Dardaniae,
636 848 787 913 magnum
809 847 891 911 quae
914 846 1026 911 sparsa
1047 846 1106 910 per
1127 829 1247 894 orbem.
1342 834 1348 843 '

283 920 326 985 Di
347 919 420 997 tibi,
442 916 469 983 si
491 936 555 999 qua
575 914 644 998 pios
666 920 853 997 respectant
874 914 1018 992 numina,
1040 913 1167 996 siquid

283 1006 428 1086 Usquam
448 1002 572 1068 iustitia
594 1004 644 1065 est
666 1006 699 1065 et
721 1019 811 1065 mens
833 999 892 1064 sibi
915 999 1043 1065 conseia
1062 999 1155 1080 recti,

199 1092 263 1157 605
285 1090 434 1156 Praemia
455 1088 551 1169 digna
572 1076 686 1151 ierant.
731 1085 820 1163 Quae
842 1091 877 1150 te
899 1088 966 1149 tam
988 1083 1075 1149 laeta
1096 1084 1244 1151 tulerunt

286 1175 441 1241 Saecula?
478 1172 533 1254 qui
555 1170 639 1236 tanti
660 1171 760 1236 talem
782 1188 923 1252 genuere
945 1171 1119 1253 parentes?

211 1331 214 1336 ,
286 1262 324 1326 ln
346 1258 431 1325 treta
453 1258 528 1323 dnm
550 1254 637 1321 fluvii
660 1261 804 1334 cmrent,
827 1256 902 1320 dum
924 1254 1087 1320 montibus
1109 1253 1243 1320 umbrae

286 1345 486 1411 Lustrabunt
508 1342 778 1424 convexa,‘polus
800 1342 876 1406 dum
897 1340 1005 1405 sidera
1025 1345 1154 1422 pascet.

121 1489 129 1501 .
288 1430 421 1513 Semper
443 1428 544 1494 honos
566 1445 746 1509 nomenque
768 1433 858 1491 tuum
880 1426 1056 1507 laudesque
1078 1423 1264 1505 manebunt,

202 1516 266 1581 610
289 1516 377 1593 Quae
400 1533 451 1579 me
474 1531 608 1594 cumque
630 1516 748 1577 vocant
769 1517 884 1577 terrae.
928 1510 980 1576 Sis
1001 1510 1101 1591 tatus,
1123 1511 1260 1576 amioum

287 1600 410 1666 Ilionea
430 1600 515 1682 petit
536 1599 659 1677 dextra,
681 1596 836 1679 laevaque
858 1596 1032 1676 Serestum,

288 1688 367 1753 Post
388 1685 479 1765 alios,
502 1684 683 1765 fortemque
706 1682 810 1764 Gyan,
832 1682 1014 1763 fortemque
1037 1680 1240 1747 Cloanthum.

372 1769 535 1852 Obstipuit
556 1769 659 1851 primo
682 1774 815 1849 aspectu
837 1767 968 1833 Sidonia
987 1766 1082 1845 Dido,

291 1856 373 1923 Casu
395 1854 512 1920 deinde
533 1853 594 1919 viri
615 1856 720 1931 tanto,
744 1853 845 1918 etsie
867 1859 923 1918 ore
945 1853 1055 1917 locuta
1077 1856 1139 1917 est:

204 1942 267 2007 615
290 1941 367 2019 Quis
389 1944 436 2019 te,
459 1945 535 2005 nate
557 1939 630 2017 dea,
653 1956 711 2019 per
733 1942 826 2004 tenta
845 1938 987 2021 pericula
1010 1955 1101 2003 casus

289 2024 495 2107 Insequitur?
532 2042 613 2106 quae
636 2023 683 2087 vis
705 2022 886 2089 inmanibus
908 2022 1049 2107 adplicat
1071 2020 1155 2086 oris?

291 2112 382 2177 Tune
403 2110 460 2175 ille
480 2110 620 2188 Aeneas,
641 2127 736 2190 quem
758 2108 921 2174 Dardanio
943 2108 1102 2174 Anchisae

291 2194 386 2263 Alma
406 2196 515 2262 Venus
536 2195 668 2277 Phrygii
690 2194 801 2276 gennit
822 2194 994 2260 Simoentis
1016 2194 1057 2259 ad
1078 2192 1219 2259 undam?

290 2284 397 2363 Atque
421 2280 569 2364 equidem
592 2280 751 2345 Teucrum
773 2279 902 2345 memini
925 2279 1044 2345 Sidona
1065 2278 1177 2344 venire

206 2367 271 2433 620
291 2368 423 2433 linibus
446 2366 611 2448 expulsum
633 2365 760 2448 patriiS,
783 2384 866 2431 nova
887 2384 988 2447 regna
1008 2369 1175 2447 petentem

292 2454 418 2520 Auxilio
440 2451 526 2532 Beli;
549 2452 676 2534 genitor
697 2455 767 2517 tum
789 2450 887 2516 Belus
910 2450 1047 2533 opimam

292 2539 449 2606 Vastabat
472 2537 610 2620 Cyprum
634 2541 667 2602 et
687 2538 792 2602 victor
813 2537 939 2601 dicione
960 2537 1101 2602 tenebat

294 2625 452 2707 Tempore
473 2623 537 2688 iam
560 2623 676 2687 exilio
700 2641 791 2689 casus
813 2622 891 2686 mihi
913 2621 1059 2704 cognitus
1081 2619 1170 2685 urbis

294 2709 450 2775 Troianae
471 2725 652 2789 nomenque
674 2713 766 2772 tuum
787 2726 946 2789 regesque
967 2707 1102 2789 Pelasgi.
1236 2712 1239 2718 '

207 2793 271 2859 625
292 2795 366 2876 Ipse
388 2793 491 2857 bostis
513 2793 653 2858 Teucros
675 2792 792 2874 insigni
813 2794 908 2858 laude
930 2791 1065 2871 ferebat,

294 2878 399 2960 Seque
421 2879 681 2960 ortumantiqua
703 2879 901 2944 Teucrorum
923 2879 963 2943 ab
985 2878 1085 2960 stirpe
1106 2876 1246 2943 volebat.

295 2961 399 3042 Quare
422 2963 521 3045 agite,
544 2983 563 3028 o
585 2964 693 3043 tectis,
715 2964 861 3044 iuvenes,
882 2963 1045 3029 succedite
1067 2962 1194 3027 nostris

293 3049 346 3114 Me
369 3066 496 3130 quoque
517 3067 576 3130 per
598 3049 716 3113 multos
739 3049 850 3114 similis
871 3047 1003 3114 fortuna
1023 3047 1151 3113 labores

212 3210 214 3216 ¹
265 3175 266 3178 =
293 3134 449 3200 lactatam
467 3133 530 3210 ¹huc
552 3135 680 3214 demum
701 3134 805 3198 voluit
826 3134 1120 3200 consistererterra

208 3219 272 3285 630
293 3218 366 3285 Non
388 3219 500 3300 ignara
521 3219 598 3284 mali
619 3220 745 3285 miseris
767 3238 955 3284 succurrere
976 3220 1073 3284 disco.

296 3305 349 3371 Sic
370 3309 540 3384 memorat3
564 3304 657 3368 simul
679 3306 811 3372 Aenean
832 3305 866 3369 in
887 3305 978 3386 regia
1000 3303 1088 3370 ducit

296 3391 411 3472 Tecta,
434 3389 528 3455 simul
550 3389 656 3454 divom
678 3389 807 3472 templis
828 3390 941 3456 indicit
962 3390 1125 3456 honorem.

210 3576 269 3648 361
301 3576 359 3629 598.
373 3579 404 3630 el,
417 3595 456 3630 vs.
468 3573 527 3642 301
557 3572 788 3643 sebastienus
816 3575 876 3630 661.
888 3595 934 3629 nec
946 3579 1077 3645 quidquid,
1088 3591 1133 3626 nec
1144 3583 1209 3627 esto
1228 3577 1383 3627 isllardano·

210 3663 274 3710 rum,
287 3648 371 3712 quiqui
382 3647 462 3712 sunt!
491 3643 551 3697 602.
564 3661 600 3712 ap.
611 3661 636 3712 p.
649 3648 710 3708 ort,
723 3647 754 3697 el.
766 3661 805 3696 vs.
816 3644 868 3698 242
878 3663 930 3712 sqq.
949 3643 1000 3696 549
1009 3663 1046 3712 sq.
1064 3643 1090 3711 3,
1102 3643 1161 3696 190.
1173 3593 1227 3696 293
1234 3643 1305 3711 sqq!
1333 3638 1384 3696 603.

211 3715 331 3835 aquid,
350 3716 372 3764 si
389 3731 437 3780 quo
455 3722 495 3765 est
511 3715 535 3764 in
553 3716 646 3764 bonore
663 3715 759 3764 iustitia
782 3721 808 3765 et
825 3716 973 3766 conscientia
990 3714 1078 3783 recti}
1112 3713 1171 3766 604
1190 3706 1385 3776 murmuraret

212 3850 363 3921 convexas!
397 3849 456 3902 608.
472 3851 547 3917 polae
565 3852 589 3902 d.
608 3869 629 3902 s.
645 3867 684 3918 p,
710 3854 767 3903 dum
786 3853 870 3902 sidera
887 3853 911 3902 in
930 3853 986 3918 polo
1004 3859 1149 3919 pascentur,
1172 3852 1188 3900 i.
1207 3866 1228 3901 e.
1248 3850 1383 3902 humoribus

212 3936 227 3971 e
244 3926 312 3969 terra
332 3933 362 3968 ae
377 3920 441 3968 mari
459 3921 616 3981 surgentibus
635 3921 740 3983 alentur,
758 3935 822 3986 quae
839 3920 886 3970 luit
900 3928 1012 3971 veterum
1026 3917 1130 3987 opinio!
1165 3916 1225 3970 609.
1242 3918 1383 3978 manabunt,

213 3989 281 4038 nulla
293 3986 415 4037 oblivione
428 3988 571 4038 obteruntur
583 3990 607 4038 in
619 3989 648 4038 iis
661 3991 745 4051 terris,
764 4003 827 4055 quae
843 4004 881 4038 me
893 4003 996 4122 eumque
1007 3986 1121 4057 vocant}
1155 3983 1215 4037 616.
1233 3987 1385 4043 inmanitas,

290 3783 347 3832 duur
364 3783 388 3832 ia
405 3784 528 3834 montibus
546 3784 649 3833 umbrae
666 3798 721 3833 curn
737 3784 799 3834 solis
810 3787 876 3834 dean
888 3785 991 3834 obibunt
1001 3798 1125 3844 convenu3
1144 3787 1206 3849 puta
1218 3783 1286 3848 ipsos
1298 3786 1384 3832 monta

229 4071 317 4107 uarum
329 4055 447 4104 immanes
460 4054 555 4120 leuique
566 4055 684 4124 incolae!
710 4054 769 4108 617.
784 4071 810 4107 v.
822 4057 852 4106 Ε.
863 4055 888 4120 2,
901 4055 943 4108 24.
995 4054 1055 4107 619.
1073 4056 1177 4119 Teucer,
1195 4056 1281 4106 Aiacis
1292 4051 1385 4106 maion's

213 4073 305 4189 30100,
329 4137 417 4194 aurula
435 4122 513 4172 'Troia
530 4124 678 4176 Salaminem
701 4131 884 4190 revomeretur,
909 4141 924 4176 a
947 4132 1019 4192 patre
1041 4125 1175 4176 Telamone
1198 4142 1245 4175 non
1269 4125 1385 4176 admissus
1446 4126 1447 4133 ’

213 4208 292 4244 novas
310 4194 381 4244 sedes
398 4205 537 4254 novumque
555 4207 656 4256 regnum
676 4194 722 4243 sibi
741 4195 886 4258 quaerebat.
920 4195 973 4244 Reli
996 4195 1111 4244 beneflcio
1129 4193 1240 4261 Cyprum
1265 4183 1387 4253 obtinuit!

214 4259 273 4313 624.
291 4261 392 4325 Pelasgi
409 4259 570 4325 antiquissimi
587 4261 682 4312 incolae
699 4259 833 4324 tls-aeciam
852 4263 908 4313 bine
924 4269 1022 4313 veteres
1034 4260 1124 4313 Graeei
1141 4276 1157 4311 a
1174 4264 1255 4328 poetis
1272 4259 1385 4313 utendus

215 4332 261 4382 boe
278 4332 374 4382 nornine
392 4327 571 4398 appellantur]
605 4324 664 4380 632.
683 4334 701 4380 t.
717 4330 771 4382 tad.
788 4331 860 4396 boa,
878 4331 1080 4399 supplicationem
1097 4330 1206 4381 decernit
1223 4336 1325 4397 propter
1340 4323 1385 4377 leli·
1446 4390 1447 4417 Χ
