2942 4975
230 294 236 308 “
337 301 353 340 ⁸
444 292 693 386 ,summos
715 292 795 361 ΠΒ.
818 298 888 363 VII.
1011 315 1013 321 ’
1210 298 1274 366 295

866 419 879 452 Ι

180 482 309 565 Sponte
322 481 583 564 suaeveterisque
598 481 657 547 aiei
679 501 715 547 se
736 487 825 548 more
848 488 1021 551 tenentem.

89 568 159 634 205
178 568 286 649 Atque
307 566 458 649 equidem
472 568 607 633 merriini
631 604 669 613 -
692 566 779 636 fama
795 573 851 635 est
872 567 1037 644 obscurior
1058 572 1149 637 anbis
1172 607 1214 621 *-

164 654 346 732 Auruncos
368 651 415 731 ita
435 650 522 719 ferre
544 670 651 731 senes,
674 652 723 717 bis
738 658 836 740 prtus
857 658 895 719 ut
917 656 1002 739 agris
1075 707 1087 731 ,
1113 676 1117 695 ’

178 738 351 814 Dardanus
369 736 482 802 Idaeas
504 738 661 821 Pbrygiae
682 738 862 821 penetrarit
883 740 924 805 ad
946 742 1042 807 urbes
1137 815 1145 828 ι

179 822 421 914 Tbreiciamque
443 822 573 902 Samon,
595 842 678 905 quae
700 842 785 889 nvrnc
808 820 1026 893 Samothracia
1047 826 1158 918 ierim.

178 908 263 973 Hinc
282 908 372 973 illum
396 907 527 990 Corythi
549 908 715 991 Tyrrhena
736 910 775 975 ab
799 910 875 975 sede
897 911 1075 993 proiectum
1128 937 1136 953 ·
1180 963 1191 982 .

90 994 156 1059 210
178 997 286 1059 Aurea
307 1010 391 1058 nunc
413 993 494 1068 solio
516 994 675 1072 stellantis
696 995 786 1077 regia
809 996 888 1061 caeli
1089 1025 1107 1062 ι
1158 1057 1161 1075 ,

178 1078 306 1161 Accipit
326 1083 360 1143 et
380 1097 549 1144 numerum
571 1080 717 1145 divorum
729 1080 894 1146 altaribus
917 1082 1014 1147 addit

260 1164 408 1244 Dixerat3
430 1169 463 1229 et
485 1165 572 1230 dicta
591 1165 733 1231 Ilioneus
755 1166 800 1231 sic
822 1184 901 1232 voce
923 1172 1065 1238 secutus:

177 1250 258 1328 Res,
281 1268 380 1332 genus
402 1250 566 1331 egregium
588 1250 704 1328 Fauni,
725 1268 785 1315 nec
807 1250 956 1318 fluctibus
977 1258 1066 1320 actos

177 1335 260 1400 Atra
280 1334 408 1416 subegit
428 1334 552 1417 hiemps
573 1335 690 1401 vestris
712 1336 886 1421 succedere
907 1338 1012 1418 terris,

89 1417 156 1485 215
178 1421 247 1484 Nec
269 1420 356 1485 sidus
378 1421 510 1501 regione
531 1420 602 1485 viae
624 1422 741 1487 litusve
763 1421 892 1500 fefellit;

178 1504 318 1574 consilio
339 1504 422 1570 banc
444 1524 554 1570 omues
577 1506 754 1588 animisque
775 1507 957 1574 volentibus
978 1510 1091 1575 urbem

177 1589 374 1669 Adierimur,
396 1591 480 1672 pulsi
501 1592 623 1673 regnis,
645 1610 726 1673 quae
748 1610 896 1658 maxuma
917 1596 1077 1675 quondam

176 1678 329 1742 Extremo
351 1676 483 1741 veniens
505 1676 560 1742 Sol
582 1676 757 1758 aspiciebat
780 1678 923 1761 Olympo.

178 1762 227 1827 Ab
249 1761 325 1826 Iove
347 1761 538 1843 principium
560 1763 703 1843 generis;
724 1762 801 1843 leve
823 1764 974 1829 Dardana
994 1764 1101 1848 pubes

90 1846 156 1912 220
179 1846 308 1913 Gaudet
330 1866 403 1924 avo,
425 1865 482 1911 rex
503 1847 573 1929 ipse
594 1848 680 1913 Iovis
702 1849 743 1912 de
766 1854 861 1929 gente
884 1867 1040 1932 suprema,

179 1932 293 1997 Troius
314 1933 453 2011 Aeneas,
475 1936 532 1997 tua
552 1952 611 1997 nos
633 1934 673 1997 ad
694 1933 805 1999 limina
827 1934 922 1999 misit.

178 2016 305 2095 Quanta
323 2036 384 2099 per
405 2017 518 2083 Idaeos
539 2018 643 2083 saevis
666 2017 766 2084 effusa
787 2019 930 2101 Mycenis

81 2110 85 2121 “
178 2102 365 2185 Tempestas
387 2102 462 2168 ierit
483 2122 625 2185 campos,
647 2103 764 2189 quibus
784 2109 875 2169 actus
898 2109 1034 2187 uterque

177 2188 327 2270 Europae
348 2192 446 2270 atque
467 2188 563 2253 Asiae
584 2188 660 2254 ictis
683 2190 883 2253 concurrerit
904 2183 998 2270 orbis

89 2270 155 2338 225
175 2274 299 2352 Audiit,
322 2278 356 2337 et
378 2274 405 2338 si
427 2292 522 2355 quem
543 2274 642 2339 tellus
664 2279 808 2339 extrema
828 2274 936 2340 refuso
1053 2324 1059 2335 .
1170 2299 1177 2322 =

177 2357 351 2423 Submovet
373 2358 516 2439 Oceano,
539 2363 573 2424 et
594 2360 622 2425 si
643 2376 739 2440 quem
762 2363 892 2425 extenta
913 2360 1080 2442 plagarum

177 2442 337 2522 Quattuor
357 2444 392 2510 in
413 2444 518 2512 medio
541 2444 662 2510 dirimit
683 2445 779 2528 plaga
800 2445 883 2511 Solis
905 2445 1014 2528 iniqui.

176 2530 304 2596 Diluvio
328 2550 367 2595 ex
386 2530 443 2594 illo
466 2536 517 2596 tot
538 2536 630 2597 vasta
650 2550 709 2613 per
731 2549 872 2613 aequora
893 2532 978 2597 vecti

177 2615 234 2680 Dis
256 2616 366 2681 sedem
388 2616 535 2698 exiguam
555 2617 667 2698 patriis
688 2617 829 2698 litusque
851 2635 1000 2699 rogamus

88 2699 155 2780 230
176 2701 352 2766 Innoenum
375 2707 409 2767 et
429 2702 553 2775 cuneis
575 2704 758 2784 undamque
780 2721 954 2784 auramque
975 2707 1150 2785 patentem.

168 2786 249 2852 'Non
271 2787 389 2854 erimus
410 2805 510 2868 regno
532 2788 713 2865 indecores,
734 2806 795 2853 nec
817 2793 925 2854 vestra
946 2787 1071 2854 feretur
1162 2829 1166 2836 ·

176 2873 276 2937 Fama
296 2873 375 2937 levis
398 2873 545 2954 tantique
566 2874 730 2939 abolescet
753 2873 856 2956 gratia
877 2873 961 2954 iacti,

175 2958 244 3023 Nec
266 2957 394 3023 Troiam
415 2959 575 3024 Ausonios
597 2959 717 3041 gremio
742 2959 904 3041 excepisse
926 2959 1057 3042 pigebit

178 3043 261 3108 Fata
273 3061 339 3192 lper
360 3045 489 3109 Aeneae
510 3045 581 3109 iuro
604 3044 813 3126 demumque
835 3049 1010 3126 potentem,

88 3128 155 3194 235
177 3128 251 3194 Sive
295 3129 336 3193 de
358 3147 415 3194 seu
437 3130 508 3211 quis
530 3130 615 3194 bello
640 3134 689 3195 est
712 3135 864 3211 expertus
887 3133 921 3210 et
942 3131 1051 3196 armis:

89 3313 203 3372 agreste,
226 3308 278 3358 siue
296 3308 408 3372 legibus,
430 3309 482 3358 sine
498 3309 613 3374 imperio,
635 3308 741 3360 liberum
759 3317 834 3375 utque
854 3307 1004 3379 solutum.“{
1041 3305 1100 3362 204.
1119 3327 1149 3360 se
1167 3308 1271 3374 tenenti

88 3378 168 3428 vltsm
187 3391 257 3427 suam
273 3377 450 3441 moderantem,
468 3380 516 3427 vet.
534 3377 578 3427 dci
593 3393 671 3440 mors,
691 3393 759 3428 more
777 3393 793 3430 a
810 3377 917 3428 Saturno
935 3379 1058 3441 instituto,
1076 3377 1107 3428 oi.
1125 3378 1198 3428 0vid.
1210 3377 1270 3428 Met.
1375 3370 1389 3395 ⁰

63 3497 66 3501 ,
89 3443 115 3508 1,
127 3442 224 3510 89sqq.
272 3441 332 3495 206.
350 3446 473 3496 Auruncis
490 3446 626 3510 imperasse
642 3445 756 3497 Latinum
774 3445 920 3510 intelligitur
937 3463 968 3497 ex
988 3446 1029 3509 11,
1038 3443 1164 3497 316-19.
1168 3443 1190 3564 ὦ
1210 3442 1269 3497 209.

88 3529 114 3564 v.
126 3513 157 3564 ll.
170 3511 194 3576 1,
242 3540 294 3564 .-
307 3513 443 3582 Corythus,
461 3513 570 3564 Cortona
587 3513 713 3576 Etruriae,
731 3515 763 3564 ci.
781 3513 806 3578 3,
821 3511 1016 3566 Non-Hinc
1034 3516 1071 3566 ab
1090 3514 1150 3565 rede
1188 3516 1270 3581 yreia,

88 3598 114 3632 v.
132 3582 162 3632 li.
182 3579 205 3644 1,
222 3579 278 3650 aa!
314 3578 373 3632 211.
391 3597 518 3633 nnmerum
536 3583 660 3634 alteribus
678 3585 781 3634 deorum
799 3583 880 3645 addit,
899 3583 956 3649 quia
975 3590 1000 3634 et
1017 3583 1065 3649 ipsi
1090 3583 1181 3634 altaria
1199 3582 1270 3632 insti·

88 3657 202 3712 tuantur,
215 3658 245 3702 ut
253 3651 307 3701 deo.
318 3678 351 3688 -
363 3650 412 3701 Alii
421 3651 499 3701 altar.
511 3651 614 3720 auget!
642 3649 701 3704 215.
713 3652 796 3702 nullus
806 3667 878 3702 error
887 3667 930 3701 nec
939 3653 962 3702 in
973 3652 1135 3702 observandis
1147 3651 1269 3702 sideribus

89 3719 222 3782 admissos,
240 3735 285 3770 nec
303 3733 334 3768 cx
353 3719 507 3783 ignoratione
523 3719 624 3770 litorum
641 3728 815 3786 terrarumque
833 3727 903 3771 crtus
921 3735 965 3773 nos
983 3719 1040 3782 alio,
1058 3734 1131 3786 qoam
1150 3735 1197 3785 quo
1215 3725 1270 3770 ten-

89 3788 217 3850 debamus,
235 3786 353 3850 abduxit,
373 3803 398 3837 v.
416 3781 442 3851 2,
459 3783 535 3854 7321
569 3784 627 3839 218.
646 3788 723 3840 datr.
744 3787 798 3850 Oi,
823 3788 854 3838 ab
867 3788 982 3839 orientali
1016 3795 1071 3840 arte
1088 3785 1176 3851 caeli!
1209 3785 1270 3840 219.

87 3855 213 3906 Stemma:
230 3855 348 3923 Iuppiter,
360 3855 500 3920 Dardanus,
510 3856 661 3919 Laomedon,
673 3850 810 3919 Priamus!
839 3853 898 3908 220.
912 3854 989 3920 ν.10,
1052 3852 1073 3921 ,Ι
1097 3853 1156 3910 225.
1169 3857 1271 3922 refuso,

87 3917 234 3992 ἀψορρόῳ,
251 3932 336 3978 terras
354 3925 475 3975 ambiente
492 3933 518 3976 et
535 3926 559 3976 in
579 3941 607 3976 se
623 3926 703 3992 ipsum
721 3923 861 3991 redeunte}
895 3921 954 3976 226.
974 3924 1074 3976 Oceano
1091 3923 1272 3976 estAblativus

86 3994 151 4043 loci:
170 3993 192 4042 si
210 4005 281 4059 quem
298 3993 375 4043 litora
393 3993 484 4044 Oceani
503 3995 655 4046 habitantem
673 3999 735 4052 crta
755 3993 867 4044 similiter
883 4009 921 4044 vs.
936 3988 987 4044 140
1003 3995 1130 4061 „duplices
1148 3993 1271 4058 Caeloque

86 4060 221 4126 Ereboque
243 4067 359 4128 parentes
367 4063 392 4123 ,⁸⁶
415 4063 455 4126 qui
478 4070 535 4113 suot
558 4064 582 4113 in
606 4061 695 4125 Caelo,
719 4062 814 4120 Ereb03
838 4078 876 4113 vs.
895 4060 954 4114 269.
974 4069 1093 4116 monstra
1111 4061 1195 4126 caelo,
1214 4063 1229 4112 i.
1249 4077 1270 4112 c.

87 4136 186 4181 ostento
200 4132 230 4182 de
242 4129 312 4180 caelo
326 4130 534 4194 audiismissa3
553 4147 651 4181 aarum
671 4131 731 4182 coilo
750 4147 788 4182 vs.
802 4127 861 4194 351,
880 4133 943 4182 adde
958 4119 1024 4184 450!
1037 4131 1119 4197 Epiro
1144 4131 1270 4198 Hesperio
1381 4160 1389 4181 .

86 4196 113 4262 a,
129 4195 191 4250 sos.
208 4195 234 4261 a,
251 4195 312 4250 na.
323 4199 450 4266 stamas,
474 4201 505 4249 n
529 4203 632 4261 auses,
658 4197 683 4259 a,
701 4199 760 4252 cro.
779 4228 813 4238 -
831 4200 944 4257 ceam„
969 4216 994 4251 v.
1012 4201 1041 4252 n.
1061 4197 1103 4263 10,
1119 4168 1174 4258 iar
1209 4195 1269 4249 aas.

84 4267 178 4350 lange:
196 4269 225 4317 ia
241 4267 326 4348 medab
343 4271 468 4348 quattuor
483 4267 637 4348 plagarum,
655 4275 681 4318 et
698 4267 730 4318 ct.
749 4266 779 4318 G.
798 4266 822 4332 1,
839 4266 892 4333 233
910 4273 985 4388 sqq&
1012 4267 1072 4320 230.
1089 4268 1186 4350 (unca,
1204 4266 1270 4331 quod

86 4337 315 4388 emendasset
333 4335 441 4403 periculo
458 4337 565 4388 aliorum
580 4338 731 4439 teneamus!
764 4334 817 4388 234
834 4337 946 4447 spacii.
986 4353 1009 4404 p.
1028 4339 1059 4388 aul
1078 4335 1133 4385 Drv.
1152 4330 1176 4399 7,
1194 4329 1219 4396 5,
1237 4330 1270 4386 11
