2942 4975
442 303 690 371 GEORGIOON
713 304 795 369 LIB.
816 304 870 370 IV.

155 492 234 560 Illae
258 492 410 557 continno
431 490 532 557 saltus
554 491 712 575 silvasque
734 497 908 575 peragrant

154 578 401 659 Purpureusque
422 580 548 641 metunt
569 575 664 643 fiores
687 582 720 643 et
741 576 872 643 flumina
891 577 996 643 libant

98 662 135 729 55
154 662 285 727 Summa
305 662 402 727 leves.
445 661 528 727 Hinc
549 662 657 727 nescio
679 681 744 744 qua
764 662 931 729 dulcedine
952 664 1058 729 laetae

153 747 346 829 Progeniem
367 746 522 828 nidosque
544 746 667 827 fovent,
689 748 764 813 hinc
785 752 856 813 arte
877 748 1017 815 recentia
1102 808 1106 821 ,

152 832 326 897 Excudunt
346 850 435 897 ceras
459 836 492 896 et
513 831 610 897 mella
630 833 758 898 tenacia
778 831 912 915 fingunt

152 917 235 983 Hinc
258 917 315 983 ubi
335 916 399 981 iam
421 917 571 986 emissum
592 917 696 982 caveis
718 918 761 984 ad
781 917 887 984 sidera
907 918 989 983 caeli

153 1003 238 1067 Nare
262 1020 322 1083 per
343 1006 499 1067 aestatem
520 1001 673 1083 liquidam
695 1004 875 1085 suspexeris
897 1021 1012 1085 agmen

98 1087 136 1151 65
155 1087 396 1168 Obscuramque
418 1086 502 1151 trahi
522 1092 620 1151 vento
641 1087 798 1153 mirabere
819 1088 945 1167 nubem,

154 1171 411 1254 Contemplator:
433 1190 532 1253 aquas
555 1173 656 1237 duleis
679 1178 712 1237 et
733 1172 867 1239 frondea
888 1191 1015 1256 semper

154 1258 255 1323 Tecta
275 1261 399 1339 petunt.
442 1258 513 1322 Huc
535 1261 572 1335 tu
592 1258 695 1323 iussos
717 1259 875 1341 adsperge
896 1276 1037 1341 sapores,

154 1342 244 1407 Trita
267 1342 468 1424 melisphylla
490 1347 524 1407 et
546 1343 709 1408 cerinthae
729 1343 871 1425 ignobile
892 1362 1035 1425 gramen,

154 1427 365 1508 linnitusque
389 1428 436 1492 cie
460 1432 494 1493 et
514 1428 627 1493 Matris
650 1434 748 1510 quate
768 1428 913 1511 cymbala
933 1429 1065 1494 circam:

96 1510 134 1576 65
154 1512 247 1594 Ipsae
271 1512 439 1577 consident
459 1513 626 1578 medicatis
648 1514 791 1593 sedibus,
811 1514 901 1595 ipsae

154 1597 272 1661 Intima
293 1616 382 1662 more
404 1616 461 1662 suo
483 1616 555 1663 sese
576 1598 610 1662 in
633 1599 791 1663 cunabula
812 1600 958 1664 condent

235 1681 294 1746 Sin
316 1687 424 1747 autem
445 1684 486 1747 ad
507 1702 648 1765 pugnam
671 1684 807 1749 exierint
821 1720 864 1731 —
885 1702 959 1749 nam
981 1701 1077 1766 saepe
1100 1683 1223 1748 155555

154 1766 295 1848 Regibus
317 1768 449 1832 incessit
470 1786 584 1849 magno
608 1768 766 1833 discordia
785 1774 888 1847 motu;

158 1851 380 1934 Continuoque
402 1853 524 1917 animos
546 1853 632 1934 volgi
654 1858 688 1919 55
709 1854 905 1936 trepidantia
924 1854 1009 1919 bello

98 1935 136 1998 10
157 1936 262 2001 Corda
282 1937 361 2003 licet
381 1938 476 2019 longe
498 1939 726 2021 praesciscere;
748 1957 886 2020 namque
907 1939 1062 2006 morantis

152 2021 293 2095 ¹Martius
315 2023 371 2087 illc
393 2024 475 2088 aeris
497 2024 586 2089 rauci
609 2042 706 2089 canor
727 2024 874 2107 increpet
896 2030 930 2089 et
950 2042 1012 2090 vox

155 2107 294 2172 Auditur
316 2107 434 2173 1555555
457 2109 580 2175 5551555
601 2109 727 2175 imitate
749 2110 912 2187 tubarum3

155 2192 235 2256 Tum
258 2194 403 2275 trepidae
423 2194 510 2259 inter
532 2212 566 2259 se
589 2200 720 2274 coeunt,
742 2195 919 2277 pennisque
942 2196 1121 2273 coruscant,

155 2276 346 2359 Spiculaque
369 2283 528 2345 exacuunt
548 2279 674 2359 rostris,
696 2285 872 2362 aptantque
893 2280 1040 2358 lacertos,

95 2360 133 2423 15
154 2362 196 2427 Et
218 2363 304 2429 circa
324 2382 433 2445 regem
456 2368 552 2446 atque
573 2364 643 2447 ipsa
665 2363 705 2429 ad
727 2365 890 2447 praetoria
912 2364 1030 2429 densae

153 2445 343 2529 Miscentur,
365 2449 551 2532 magnisque
573 2454 689 2516 vocant
710 2449 902 2516 clamoribus
923 2449 1059 2514 hostem.

153 2533 239 2615 Ergo
263 2534 319 2598 551
339 2553 397 2600 ver
417 2541 530 2600 nactae
552 2537 667 2600 sudum
689 2553 882 2619 camposque
903 2535 1052 2618 patentis,

154 2618 336 2701 Erumpunt
357 2621 472 2701 portis:
495 2621 710 2700 concurritur;
733 2620 865 2686 aethere
886 2620 921 2684 in
942 2620 1009 2685 alto

153 2703 205 2768 Fit
229 2705 366 2784 sonitns;
388 2724 539 2788 magnum
560 2706 677 2772 mixtae
700 2707 920 2788 glomerantur
941 2705 974 2770 in
997 2704 1115 2784 orbem,

92 2785 133 2850 80
152 2789 413 2872 Praecipitesque
435 2791 567 2869 cadunt;
589 2809 653 2855 non
676 2790 805 2857 densior
826 2809 901 2856 aere
922 2790 1054 2873 grando,

151 2873 221 2939 Nec
242 2875 284 2938 de
307 2893 461 2940 concussa
482 2880 608 2941 tontum
628 2876 711 2957 pluit
731 2877 805 2952 ilice
827 2876 960 2959 glandis

153 2959 220 3040 Ipsi
241 2977 301 3042 per
322 2960 443 3026 medias
465 2961 549 3026 acies
570 2961 746 3042 insignibus
768 2962 826 3026 5115

73 3159 212 3214 51155555.
224 3161 249 3227 6,
262 3159 312 3216 841
325 3180 379 3230 sqq.
391 3191 425 3202 ·-
442 3165 558 3226 reclusit,
576 3181 610 3214 55.
622 3165 727 3216 5551555
739 3172 813 3216 antea
824 3161 982 3233 obductum!
1011 3160 1122 3215 55-58.
1140 3164 1245 3215 lisiae...

72 3229 161 3280 1155...
187 3232 307 3282 Hine...:
330 3239 370 3282 ter
393 3233 474 3300 posita
498 3234 620 3299 particula
644 3234 753 3286 refertar
770 3234 802 3284 51
826 3235 949 3297 ordinarii,
974 3249 1023 3299 qno
1039 3248 1099 3299 apes
1116 3248 1147 3283 ea
1164 3233 1245 3282 arnoia

75 3299 179 3366 deinceps
198 3297 314 3365 5555551
351 3297 392 3351 51.
410 3318 435 3352 v.
454 3317 493 3353 vs.
511 3299 568 3370 361
603 3299 645 3354 59.
661 3319 686 3369 p.
704 3307 769 3354 aest.
788 3302 813 3364 1.,
830 3317 874 3369 per
890 3317 1003 3353 serenum
1021 3316 1082 3351 5555
1098 3298 1246 3369 aestivum}

76 3361 113 3415 62.
129 3371 230 3432 iussos,
255 3385 315 3434 quos
333 3370 442 3435 iussero,
467 3371 578 3437 proximo
603 3371 696 3422 seilicet
720 3367 821 3439 555551
854 3366 897 3420 64.
915 3366 1018 3433 Matris,
1037 3365 1167 3436 Cybeles!
1202 3364 1244 3418 61.

76 3433 118 3485 Sin
176 3440 307 3497 5551551555
325 3439 444 3504 abreptus
462 3440 552 3503 ingenii
569 3437 667 3490 fervore
685 3447 759 3506 poeta
778 3439 813 3489 ita
831 3439 919 3505 pergit,
937 3446 973 3502 55,
990 3438 1054 3488 55515
1065 3435 1159 3486 555555
1171 3437 1246 3499 signi-

75 3501 236 3570 1555555155
261 3507 291 3556 15
314 3507 470 3558 5511555555
494 3514 575 3570 esset,
599 3507 670 3572 plone
693 3508 786 3557 oblitus
808 3507 926 3558 videatur
948 3513 1051 3572 coeptae
1074 3520 1118 3569 per
1135 3505 1247 3570 protasio

75 3574 194 3624 5555155515.
230 3573 305 3625 115115
323 3581 396 3640 posta
415 3591 458 3640 eo,
481 3575 680 3640 antedonem,
704 3591 744 3626 vs.
763 3571 820 3645 11.1
853 3571 895 3624 69.
915 3575 1077 3640 trepidantia
1094 3571 1169 3636 55115,
1187 3573 1247 3624 55111

76 3641 203 3705 cupiditate
219 3641 345 3708 irritata!
372 3639 412 3693 14.
432 3647 525 3710 aptant
542 3644 598 3706 tae,
609 3644 721 3712 ¹petitum
740 3645 786 3694 hoc
803 3658 818 3693 a
836 3643 968 3709 pugilibus,
988 3641 1029 3707 qni
1046 3648 1104 3691 5555
1121 3647 1245 3693 certarnen

76 3709 295 3774 55115555551555,
312 3712 405 3762 iactant
423 3713 532 3774 brachia,
549 3718 577 3762 nt
594 3712 625 3762 h.
642 3709 667 3774 5,
684 3708 736 3761 316
754 3727 791 3777 sq.
814 3713 880 3777 Apes
893 3712 991 3776 quidem
1008 3709 1185 3776 posterioribus
1203 3725 1246 3775 pc-

77 3775 143 3828 dibus
165 3794 192 3829 aa
214 3779 327 3843 erigent,
350 3780 527 3842 anterioribus,
550 3781 621 3844 quasi
645 3781 771 3841 manibus,
794 3779 899 3830 sublatis
923 3780 1104 3843 aggrediuntur
1130 3778 1232 3828 hostem.

77 3839 114 3892 11.
131 3862 210 3913 camp.
220 3853 286 3914 pat,
304 3848 398 3898 555155
410 3849 515 3899 5551555
528 3863 641 3911 vacnum,
652 3848 694 3900 nbi
711 3855 838 3913 tamqnam
849 3848 874 3897 15
884 3862 970 3913 campo
982 3847 1076 3915 patenti
1086 3844 1230 3913 {confligant

75 3906 113 3962 82.
131 3912 189 3979 Ipsi,
208 3931 297 3980 reges:
322 3922 347 3966 et
364 3917 436 3980 iunge
453 3919 506 3966 151
522 3918 674 3981 insignibus
693 3916 753 3979 alis,
771 3931 806 3966 55.
824 3915 955 3977 instructi3
976 3931 1024 3982 per
1047 3916 1150 3966 modias
1167 3917 1246 3972 55155,

77 3980 268 4046 schaderias,
286 3990 314 4035 55
331 3986 361 4034 Α.
380 3982 404 4047 1,
422 3932 493 4036 5151.
518 3984 597 4048 „caeli
615 4000 734 4034 conversa
770 3999 799 4034 er
817 3999 901 4034 daras
918 3982 1035 4034 lunonem
1052 3982 1180 4043 adtatnr‚“
1197 3983 1245 4032 15.

76 4052 194 4126 5155555515
214 4067 243 4102 55
264 4059 290 4103 55
312 4068 355 4118 per
380 4069 456 4104 55555
479 4058 590 4103 avecta
615 4051 633 4102 1.
651 4051 717 4116 adi.;
765 4068 812 4102 orn.
830 4051 859 4102 11.
876 4049 902 4112 5,
923 4048 958 4103 14
980 4043 1113 4119 ,ἀντικρὺ
1138 4045 1164 4101 δ’
1191 4043 1243 4101 ἄν’

76 4114 222 4176 adoreae
240 4112 295 4170 ὑπὸ
313 4119 446 4186 γλῶσσαν
464 4112 537 4189 τάμε
545 4117 683 4186 χάλκος,“
700 4121 716 4170 1.
729 4137 750 4170 5.
763 4110 879 4188 ἀντικρὺ
896 4111 921 4169 δ’
940 4112 1104 4183 ditescit?
1125 4111 1246 4173 ὀδόντας

77 4187 119 4233 καὶ
138 4180 262 4256 intraque
279 4188 322 4255 ys.
346 4196 372 4240 et
393 4189 422 4240 ll.
440 4187 482 4252 21,
500 4186 534 4240 69
552 4205 588 4254 sq.
612 4187 725 4254 ,ἐγχείη
750 4181 775 4239 δ’
801 4181 849 4257 ἄρ’.
875 4181 960 4255 ὑπὲρ
988 4180 1101 4239 νώτου
1119 4185 1162 4239 ea
1178 4188 1245 4254 γαίῃ

77 4250 166 4316 ἓσῐη“.
182 4254 213 4308 51.
231 4257 306 4308 ctiam
323 4259 354 4308 A.
373 4255 414 4322 11,
432 4254 491 4308 181.
509 4255 533 4320 2,
550 4253 602 4307 411
625 4259 673 4322 „ia
692 4257 791 4308 lacem
863 4255 1016 4321 manabit,“
1038 4257 1055 4306 1.
1074 4271 1095 4305 5.
1119 4256 1143 4305 15
1167 4255 1245 4304 lacem

77 4335 218 4388 progressu
235 4341 264 4390 5,
283 4323 324 4390 10,
341 4323 391 4378 631
409 4326 604 4391 ,5515515555
620 4329 729 4378 Aeneas
793 4329 871 4377 ornat
888 4326 975 4389 alass*
994 4326 1011 4375 i.
1029 4340 1050 4374 5.
1067 4322 1245 4374 5551555555
