2942 4975
436 303 684 370 onoacroou
706 274 786 371 nm.
808 307 862 371 nv.
939 352 945 361 .
1178 308 1240 373 121

148 493 331 558 Observans
353 492 429 557 nido
452 491 602 574 inplumis
619 492 777 570 .detraxit;
801 487 835 556 55
855 492 913 558 1115

145 579 216 643 Flet
238 582 382 656 noctem,
404 596 557 659 ramoque
580 578 696 641 sedens
718 577 899 643 miserabile
923 597 1049 644 carmen

74 663 126 727 515
144 665 306 745 integrat,
330 666 363 727 et
385 663 515 728 maestis
537 663 602 727 late
625 663 696 727 loca
718 662 883 743 questibus
904 662 1015 746 inplet.
1077 708 1080 717 -

145 749 241 813 Nulla
263 748 387 826 Venus
409 767 473 813 non
496 748 552 813 ulli
574 748 712 815 animum
734 746 852 812 flexere
874 748 1050 830 hymenaei.

145 833 237 899 Solus
260 833 486 915 Hyperboreas
509 833 627 915 glacies
649 833 846 914 Tanaimque
867 834 1006 898 nivalem

144 921 294 999 Arvaque
318 918 467 999 Rhipaeis
489 937 662 999 numquam
684 919 816 982 viduata
835 919 957 1001 pruinis

145 1004 334 1083 Lustrabat‚
354 1008 481 1085 raptam
502 1003 683 1085 Eurydicen
706 1007 803 1083 atque
824 1003 923 1068 inrita
944 1005 1029 1069 Ditis

74 1088 238 1154 52011555
261 1107 415 1169 querens;
438 1093 565 1173 spretae
589 1088 742 1152 Ciconum
765 1106 828 1169 quo
851 1108 983 1154 munere
1003 1093 1125 1153 matres

144 1176 235 1239 Inter
258 1192 351 1238 sacra
373 1174 469 1238 deum
490 1173 704 1254 nocturnique
727 1173 818 1253 orgia
839 1174 958 1238 Bacchi

145 1260 352 1341 Discerptum
374 1258 457 1323 latos
478 1258 627 1323 iuvenem
650 1276 796 1338 sparsere
819 1277 877 1340 per
900 1278 1002 1341 agros.

146 1346 226 1409 Tum
249 1362 379 1426 quoque
400 1361 580 1408 marmorea
602 1348 698 1426 caput
720 1364 739 1407 a
761 1344 885 1415 cervice
907 1345 1068 1409 revulsum

148 1430 285 1511 Gurgite
308 1448 380 1493 cum
403 1429 507 1493 medio
530 1434 661 1510 portans
685 1428 841 1510 Oeagrius
863 1430 990 1493 Hebrus

74 1514 125 1579 525
145 1515 313 1593 Volneret,
335 1514 517 1595 Eurydicen
539 1533 600 1578 vox
620 1515 691 1595 ipsa
713 1518 746 1577 55
767 1512 883 1595 frigida
903 1515 1022 1596 lingua,

145 1601 194 1665 Ab
216 1599 367 1665 miseram
389 1600 583 1681 Eurydicen!
620 1599 725 1663 anima
747 1598 891 1681 fugiente
914 1599 1060 1679 vocabat3

144 1685 327 1767 Eurydicen
341 1688 419 1749 toto
441 1683 628 1749 referebant
649 1683 779 1748 flumine
800 1685 898 1768 ripae.

225 1771 316 1835 Haec
338 1768 486 1843 Proteus,
511 1774 544 1834 et
565 1788 600 1833 se
621 1770 709 1834 iactu
732 1770 822 1834 dedit
843 1788 963 1852 aequor
984 1770 1017 1832 in
1040 1770 1151 1851 altum,

144 1855 276 1937 Quaque
301 1854 402 1935 dedit,
426 1860 627 1936 spumantem
649 1856 768 1919 undam
790 1855 850 1919 sub
872 1856 993 1919 vertice
1016 1856 1120 1919 torsit

72 1940 186 2005 53045
208 1959 274 2005 non
299 1939 434 2021 Oyrene;
457 1958 596 2021 namque
618 1940 704 2004 ultro
727 1938 836 2004 adfata
858 1940 1040 2005 timentem:
1143 1948 1150 1958 ‘

144 2026 240 2104 Nate,
263 2025 342 2089 licet
363 2024 466 2089 tristis
489 2026 594 2089 animo
617 2026 778 2107 deponere
801 2043 900 2090 curas.

144 2111 231 2175 Haec
256 2111 358 2175 omnis
380 2110 483 2175 morbi
506 2128 632 2188 caussa3
655 2110 729 2173 hinc
751 2110 933 2175 miserabile
955 2110 1132 2193 Nymphae,

145 2196 222 2261 Cum
246 2196 362 2277 quibus
383 2196 439 2260 illa
462 2194 574 2259 choros
596 2196 677 2259 lucis
701 2195 843 2276 agitabat
864 2196 898 2259 in
920 2195 1003 2273 altis,

144 2281 287 2345 Exitium
309 2282 426 2345 misere
449 2281 569 2362 apibus.
614 2281 662 2345 Tu
685 2299 818 2344 munera
839 2281 974 2363 supplex

73 2364 126 2431 535
147 2367 256 2431 Tende
279 2371 395 2447 petens
417 2385 530 2448 pacem
554 2370 587 2430 et
608 2365 886 2431 facilisrenerare
909 2366 1069 2446 Napaeas;

145 2452 291 2534 Namque
313 2451 436 2517 dabunt
457 2452 582 2516 veniam
603 2450 687 2516 votis
708 2451 837 2532 irasque
859 2450 1036 2516 remittent.

146 2537 208 2603 Sed
230 2537 345 2602 modus
368 2538 480 2602 orandi
503 2538 556 2618 qui
579 2537 635 2614 sit,
659 2537 746 2618 prius
769 2536 880 2601 ordine
903 2537 1015 2601 dicam.

146 2623 308 2700 Quattuor
330 2622 461 2687 eximios
482 2623 662 2704 praestanti
685 2640 819 2704 corpore
842 2626 961 2700 tauroS,

146 2708 204 2785 eri
227 2708 287 2772 tibi
310 2727 394 2772 nunc
415 2708 525 2774 viridis
550 2709 727 2789 depascunt
748 2727 873 2773 summa
893 2707 1019 2790 Lycaei,

72 2791 127 2855 540
146 2794 273 2875 Delige,
297 2798 330 2858 et
351 2794 473 2858 intacta
496 2793 631 2858 totidem
654 2792 778 2857 cervice
800 2792 959 2858 iuvencas.

146 2878 305 2956 Quattuor
326 2878 376 2942 his
399 2895 470 2944 aras
493 2879 560 2943 alta
582 2879 622 2943 ad
644 2878 778 2942 delubra
800 2879 934 2943 dearum

147 2963 329 3042 Constitue,
352 2968 385 3028 55
407 2982 533 3030 sacrum
555 2963 672 3046 iugulis
695 2964 830 3027 demitte
853 2981 1007 3041 cruorem,

69 3127 73 3131 Ι
148 3048 353 3130 Corporaque
375 3049 445 3130 ipsa
466 3049 563 3114 boum
586 3048 738 3113 frondoso
761 3049 874 3113 desere
896 3049 977 3113 luco.

145 3134 234 3212 Post,
257 3134 314 3198 ubi
334 3153 420 3198 nona
441 3153 515 3199 suos
537 3136 663 3198 Aurora
685 3134 865 3198 ostenderit
886 3138 985 3212 ortus,

71 3213 127 3280 545
145 3218 280 3285 Inferias
304 3219 424 3301 Orphei
445 3219 589 3284 Lethaea
609 3237 769 3301 papavera
790 3218 909 3299 mittes,

73 3373 123 3429 517.
147 3378 246 3432 ranae
269 3379 351 3448 (Don)
377 3381 466 3431 fluvius
490 3373 628 3450 Scythiae!
664 3377 723 3431 518.
746 3379 820 3447 turp.
843 3395 869 3430 v.
888 3379 916 3441 1,
939 3376 1014 3445 2404
1048 3378 1107 3432 520.
1132 3380 1243 3444 Cicones,

72 3448 164 3512 5555155
181 3450 306 3501 Thraciae
324 3451 356 3499 ad
374 3449 438 3500 ostia
458 3449 541 3500 llebri.
560 3477 591 3486 —
611 3466 658 3514 quo
675 3463 785 3500 maneae
802 3454 918 3516 spretae:
937 3463 1025 3498 munus
1044 3450 1067 3498 b.
1086 3449 1102 3497 l.
1121 3449 1243 3511 significat

72 3513 175 3568 bonorem
191 3525 307 3569 mortuae
323 3517 466 3584 Eurydices
484 3519 515 3567 ab
535 3518 633 3584 Orpheo
653 3517 781 3578 tributum,
800 3516 831 3566 ef.
850 3517 879 3567 Α.
898 3513 923 3580 4,
941 3512 1000 3566 624.
1019 3513 1044 3579 6,
1062 3513 1121 3568 886.
1141 3515 1181 3579 11,
1200 3514 1242 3570 26.

72 3588 93 3631 et
107 3597 130 3633 v.
146 3583 174 3636 d.
192 3585 217 3650 3,
236 3584 308 3644 391.;
334 3586 394 3636 illud
418 3590 501 3636 nutem
524 3601 611 3636 munus
634 3586 783 3637 cernebatur
806 3586 830 3635 in
855 3586 990 3651 impatienti
1007 3585 1118 3648 coniugis
1136 3586 1244 3636 amissae

72 3650 192 3718 1551515515,
212 3656 298 3706 eadem
315 3669 344 3704 re
361 3654 475 3706 ellectum
494 3662 540 3716 est,
557 3663 587 3704 ut
598 3655 720 3721 Orpbeus,
738 3655 875 3705 abhorrens
888 3669 902 3702 5
916 3669 979 3702 novo
993 3653 1155 3715 1555155515,
1173 3670 1243 3722 sper-

72 3727 133 3770 neret
150 3730 275 3774 matronas
294 3721 423 3787 Ciconum,
446 3723 601 3790 popularium
626 3724 752 3775 suornm!
786 3720 845 3772 521.
871 3725 1003 3783 nocturni,
1026 3722 1084 3786 quia
1107 3722 1179 3786 orgia
1197 3722 1243 3790 (ab

71 3786 78 3834 i
101 3803 132 3837 so
148 3789 269 3859 Orpheo
287 3790 415 3858 instituta)
434 3798 509 3842 noctu
526 3787 742 3851 celebrabantur.!
777 3787 836 3842 524.
856 3789 995 3855 Oeagrius,
1014 3790 1045 3840 ab
1059 3790 1167 3854 Oeagro,
1184 3807 1245 3855 rege

73 3803 191 3923 lrbraciae,
209 3859 302 3925 Orphei
319 3867 401 3926 patre,
421 3860 524 3921 dictust
559 3856 611 3910 525
629 3875 682 3924 sqq.
701 3858 849 3925 Eurydicen
920 3857 1026 3924 Euryti,
1043 3873 1068 3908 ν.
1087 3860 1117 3909 Α.
1132 3856 1157 3923 3,
1169 3857 1245 3928 5231

71 3917 117 3974 529
132 3928 187 3977 und.
205 3946 227 3976 a.
245 3941 266 3976 v.
285 3931 374 3990 torsit,
392 3929 449 3978 dnm
468 3928 643 3992 submergitur,
662 3929 780 3980 verticem
799 3927 879 3976 effecit
896 3929 986 3977 undam
1003 3927 1026 3975 in
1045 3927 1243 3978 5555515555-

72 3990 176 4069 nealal
210 3993 270 4076 530.
288 3998 328 4045 At
345 4012 396 4046 non
414 3995 512 4064 Cyrene
530 3996 639 4050 deserunt
656 3996 812 4058 Aristaeum,
833 4002 863 4045 ut
879 3993 985 4046 Proteus
1002 3996 1083 4057 modo,
1101 3997 1245 4061 consiliique

71 4060 532 4198 15515555.1555
555 4069 729 4198 litttlttl·
749 4060 1245 4196 55451585555115151113

71 4199 173 4334 {gerlam
171 4207 223 4318 5413
239 4200 291 4265 ipse
313 4216 394 4252 rernm
417 4203 478 4252 ordo
481 4202 636 4318 555555155·
671 4197 730 4251 539.
755 4199 825 4267 lye,
849 4216 874 4250 v.
892 4200 921 4250 Ε.
934 4198 980 4264 10,
1006 4197 1047 4250 15.
1066 4199 1096 4250 G.
1116 4198 1139 4263 1,
1158 4197 1199 4250 14.
1217 4196 1245 4263 4,
1327 4228 1330 4239 =

223 4271 348 4320 .r'nlecta
366 4270 446 4336 iugo!
517 4267 540 4318 1.
559 4269 628 4331 alta,
652 4270 709 4333 quia
732 4268 853 4332 gradibus
877 4269 1057 4319 ascendebatur
1079 4270 1112 4317 ad
1138 4268 1244 4334 templa3

72 4329 98 4380 al.
115 4335 145 4383 Α.
161 4333 184 4398 1,
201 4332 271 4396 4481
306 4334 365 4388 542.
384 4341 490 4390 dennitte
508 4339 531 4387 in
550 4336 632 4398 55551
666 4333 725 4387 543.
744 4351 769 4386 v.
787 4335 812 4386 2.
830 4333 904 4394 2951
938 4333 997 4387 545.
1015 4334 1088 4386 Letb.
1106 4335 1138 4385 ef.
1158 4333 1182 4399 1,
1200 4331 1242 4385 78.
