2942 4975
471 333 687 398 AENEfflOS
709 334 789 400 LIB.
811 336 849 400 V.

153 520 366 604 Temporibus
388 519 523 602 geminis
546 519 681 586 canebat
703 539 815 603 sparsa
836 523 994 588 senectus.

152 607 218 673 Sed
240 607 269 672 si
290 610 402 671 nostra
423 605 526 671 Dares
547 605 628 672 haec
650 606 765 672 Troius
787 626 875 672 arma
895 613 1032 689 recusat

151 693 256 774 idque
276 692 331 774 pio
353 692 445 756 sedet
466 691 609 770 Aeneae,
630 692 747 773 probat
767 696 880 757 auctor
900 695 1043 774 Acestes,

150 779 338 859 Aequemus
359 795 492 858 pugnas.
534 776 646 858 Erycis
668 777 727 842 tibi
749 781 842 858 terga
862 779 1007 858 remitto;

73 865 130 930 420
152 863 249 929 Solve
272 866 391 941 metus;
414 867 448 926 et
469 866 506 926 tu
528 862 684 926 Troianos
707 880 789 926 exue
812 868 946 928 caestus.

151 949 243 1014 Haec
265 946 351 1012 fatus
373 947 534 1028 duplicem
557 965 594 1011 ex
617 947 758 1012 humeris
779 948 894 1013 reiecit
915 949 1074 1027 amictum,

150 1035 196 1099 Et
217 1051 352 1115 magnos
374 1032 589 1097 membrorum
612 1037 714 1112 artus,
736 1050 852 1114 magna
873 1052 946 1098 ossa
966 1035 1168 1117 lacertosque

150 1119 266 1197 Exuit,
286 1123 385 1200 atque
407 1118 521 1200 ingens
543 1117 649 1185 medie
671 1117 819 1183 consistit
840 1137 947 1184 arena

151 1205 236 1269 Tum
259 1207 348 1268 satus
369 1201 510 1268 Anchisa
533 1207 658 1267 caestus
679 1208 775 1285 pater
796 1203 913 1268 extulit
934 1222 1062 1286 aequos,

72 1290 130 1356 425
149 1290 195 1354 Et
217 1289 349 1370 paribus
370 1289 491 1370 palmas
514 1289 680 1354 amborum
701 1289 848 1353 innexuit
869 1289 975 1354 4444444.

151 1373 309 1440 Constitit
329 1373 362 1439 in
385 1374 501 1455 digitos
524 1373 686 1455 extemplo
708 1377 853 1440 arrectus
875 1379 1021 1456 uterque,

150 1459 375 1541 Bracchioque
397 1459 438 1524 ad
460 1477 593 1541 superas
615 1458 783 1523 interritus
806 1460 921 1524 extulit
943 1479 1045 1526 auras.

151 1545 327 1610 Abduxere
348 1549 438 1608 retro
460 1544 555 1624 longe
579 1543 684 1624 capita
706 1543 806 1609 ardua
828 1543 967 1624 41444444,

149 1630 392 1712 Inmiscentque
413 1647 526 1693 manus
549 1629 706 1707 manibus,
728 1648 931 1712 pugnamque
952 1631 1124 1698 lacessunt

71 1716 211 1781 430111e
234 1715 353 1797 pedum
375 1715 488 1779 melior
510 1720 602 1779 motu
622 1712 790 1796 fretusque
811 1715 952 1793 iuventa,

149 1801 213 1866 Hic
235 1799 388 1864 membris
412 1806 445 1864 et
466 1800 551 1864 mole
573 1799 697 1879 valens;
720 1801 779 1864 sed
801 1802 894 1866 tarda
915 1803 1067 1867 trementi
1183 1847 1187 1855 .

136 1886 269 1951 'Genua
291 1885 416 1962 labant,
439 1889 547 1950 vastos
569 1884 674 1967 quatit
697 1903 795 1966 aeger
816 1884 976 1952 anhelitus
999 1891 1097 1954 artua

150 1971 259 2036 Multa
279 1970 340 2035 viri
362 1971 556 2052 nequiquam
578 1971 664 2034 inter
686 1988 721 2035 se
743 1970 875 2035 volnera
894 1972 1026 2052 iactant,

150 2057 259 2121 Multa
282 2074 359 2120 cavo
380 2055 475 2120 lateri
498 2055 697 2137 ingeminant
719 2060 754 2120 et
774 2061 905 2137 pectore
928 2061 1035 2122 vastos

70 2143 129 2209 435
149 2141 242 2206 Dant
264 2141 400 2219 sonitus
424 2145 574 2222 erratque
596 2140 681 2206 auris
705 2145 739 2204 et
760 2145 907 2223 tempora
928 2141 1048 2208 circum

150 2226 276 2292 Crebra
298 2243 418 2304 4444444,
441 2227 521 2290 duro
544 2226 705 2308 crepitant
726 2224 786 2290 sub
808 2227 940 2291 volnere
961 2227 1074 2292 4444144.

150 2312 225 2377 Stat
249 2312 355 2393 gravis
377 2311 526 2376 Entellus
548 2312 683 2392 nisuque
705 2311 846 2375 inmotus
869 2312 991 2390 eodem,

151 2398 298 2480 Corpore
320 2397 388 2461 tela
408 2397 503 2461 modo
525 2401 623 2478 atque
645 2396 747 2460 oculis
768 2396 974 2478 vigilantibus
997 2396 1070 2461 exit

150 2483 226 2563 Ille,
249 2483 340 2547 velut
362 2483 480 2547 celsam
503 2487 668 2565 oppugnat
690 2481 745 2563 qui
766 2481 902 2547 molibus
923 2480 1036 2547 urbem

68 2570 129 2635 440
149 2571 219 2635 Aut
242 2572 396 2633 montana
418 2568 511 2633 sedet
534 2569 653 2633 circum
675 2568 810 2633 castella
831 2568 890 2632 sub
912 2568 1017 2647 armis,

149 2654 248 2720 Nunc
270 2654 343 2733 1444,
365 2672 449 2718 nunc
471 2652 544 2718 illos
567 2654 686 2731 4444444,
709 2671 899 2734 omnemque
921 2657 1068 2735 pererrat

148 2742 233 2806 Arte
256 2739 374 2818 locum,
398 2744 431 2803 et
453 2738 549 2803 variis
572 2738 751 2803 adsultibus
772 2738 888 2803 inritus
909 2743 1036 2820 urguet.

151 2825 310 2891 Ostendit
331 2824 477 2888 dextram
499 2825 669 2905 insurgens
691 2823 839 2888 Entellus
862 2828 897 2888 et
918 2824 985 2889 alte

36 2959 41 2969 .
148 2910 294 2976 Extulit:
317 2909 372 2974 ille
393 2910 494 2974 ictum
516 2910 699 2975 venientem
722 2928 742 2973 4
763 2910 885 2975 vertice
905 2909 999 2974 velox

68 2997 128 3062 445
148 2994 332 3074 Praevidit‚
355 2995 515 3075 celerique
538 2995 665 3077 elapsus
688 3012 823 3076 corpore
846 2995 956 3074 cessit3

147 3080 304 3147 Entellus
325 3079 401 3144 viris
422 3080 456 3144 in
478 3084 611 3145 ventum
634 3078 760 3159 effudit,
783 3083 817 3145 et
838 3080 924 3144 ultro

148 3168 227 3250 Ipse
251 3165 357 3247 gravis
380 3165 585 3247 graviterque
608 3164 649 3229 ad
671 3168 791 3229 terram
813 3166 957 3247 pondere
977 3169 1069 3229 vasto

150 3250 315 3319 Concidit:
338 3255 376 3314 nt
397 3250 558 3331 quondam
580 3269 658 3315 cava
680 3250 820 3315 concidit
841 3254 899 3314 aut
919 3248 1116 3332 Erymantho

148 3338 221 3404 Aut
242 3336 302 3401 Ida
322 3336 356 3399 in
378 3354 494 3417 magna
515 3335 675 3401 radicibus
698 3340 792 3401 eruta
811 3335 914 3417 pinus.

65 3548 113 3602 234
129 3551 265 3616 „Tempus
283 3550 347 3599 edax
359 3564 450 3612 rerum,
468 3555 553 3614 tuque,
572 3548 741 3599 invidiosa
758 3554 879 3608 senectus,
898 3546 985 3598 04444444
998 3538 1165 3609 4444444144.“Ι
1193 3542 1252 3596 411.

68 3619 167 3683 Troius,
187 3625 318 3683 tamquam
337 3619 377 3683 qui
394 3634 422 3668 se
439 3634 486 3667 non
504 3617 582 3683 possit
600 3631 745 3683 comparare
763 3616 846 3666 Siculo
865 3616 962 3677 bomini,
981 3620 1049 3665 certe
1065 3614 1089 3662 444
1105 3614 1152 3663 boc
1163 3628 1253 3677 genere

64 3686 183 3755 pugnae!
221 3683 282 3736 418.
301 3684 332 3736 41.
349 3683 374 3750 2,
391 3683 451 3737 660.
469 3714 504 3723 -
517 3690 623 3769 Ι444444,
642 3686 684 3750 qui
700 3700 739 3734 me
756 3694 787 3735 44
807 3686 853 3734 1444
870 3690 995 3734 certamen
1013 3680 1158 3799 4444144441
1191 3679 1252 3763 419.

62 3750 365 3877 4444444
379 3751 607 3887 414444·
617 3769 648 3872 r
662 3748 930 3882 44444
961 3818 1081 3869 0
1088 3751 1253 3898 4444

62 3894 151 3944 seniori
170 3898 204 3973 at
221 3888 451 3988 caloris‘eupcrtil
485 3888 545 3941 422.
564 3906 589 3941 v.
607 3890 640 3941 G.
658 3890 682 3952 1,
699 3884 775 3955 2954
808 3885 869 3938 426.
888 3884 1049 3969 ,44644444
1068 3880 1110 3937 ἐπ’
1132 3902 1254 3969 4444444-

58 3952 1254 4098 444,444444444441,4.14414444444

61 4104 112 4149 tum
131 4094 177 4160 10,
196 4093 258 4147 207.
279 4094 319 4159 12,
337 4091 396 4147 458.
410 4124 444 4133 -
461 4099 510 4147 nis.
530 4100 546 4146 i.
564 4097 629 4158 444,
647 4096 751 4145 tirmiter
768 4094 884 4144 insistens
902 4094 1008 4158 vestigio
1026 4088 1096 4162 4441
1130 4089 1183 4143 439
1201 4108 1254 4157 sqq.

60 4166 103 4217 1114
121 4166 201 4217 modo
219 4178 272 4215 4444
289 4165 316 4215 vi
333 4165 399 4229 gerit
415 4171 440 4214 et
457 4166 543 4215 similis
562 4172 601 4215 est
617 4162 767 4230 oppugnanti
779 4163 874 4224 urbem,
894 4163 966 4213 modo
984 4163 1089 4227 quietior
1100 4162 1254 4241 occasionem

61 4241 148 4301 captat
168 4233 259 4283 similis
278 4233 467 4316 circumsedenti
484 4233 589 4283 castella
606 4239 731 4283 montana.
750 4258 781 4267 -
801 4230 918 4292 44414444,
936 4230 1052 4297 operibns
1069 4236 1095 4280 el
1112 4227 1254 4295 4444444441

59 4300 120 4357 440.
140 4303 195 4353 sub
213 4316 306 4364 armas,
324 4306 450 4365 armatus,
475 4309 503 4352 ut
526 4317 565 4352 vs.
583 4297 644 4351 585.
669 4301 734 4350 adde
751 4296 780 4362 ’1,
802 4294 1001 4350 43411464.
1049 4294 1102 4349 446
1119 4312 1157 4362 sq.
1181 4295 1253 4346 ultro

60 4373 129 4439 Ipse,
147 4370 222 4421 nulla
240 4385 286 4421 sua
304 4370 385 4437 culpa,
403 4371 447 4421 sed
465 4384 511 4421 sua
529 4372 600 4437 ipse
617 4370 681 4420 mole
699 4373 822 4432 gravatus
840 4362 972 4435 procidit!
1035 4365 1058 4418 ’1.
1070 4380 1096 4416 v.
1107 4362 1137 4415 G.
1146 4361 1171 4428 2,
1180 4360 1255 4431 2901

113 4460 229 4505 Vnum.
242 4469 319 4504 44444.
1014 4448 1048 4500 16
