2942 4975
562 1004 617 1062 EX
638 1002 829 1062 EPISTOLA

341 1170 402 1237 AD
422 1170 562 1237 VIRUM
584 1168 733 1236 SUMME
755 1168 1053 1235 REVERENDUM

174 1306 382 1452 HRNR.
419 1338 564 1451 OAR
596 1338 747 1451 ABR
783 1335 1218 1451 drensitant

396 1516 549 1627 Polliam
570 1537 748 1625 EDITIONI
768 1564 998 1625 PRAEMISSA.

190 1824 283 1897 Nosti,
305 1824 374 1883 VIR
387 1821 757 1895 PRAFsTANTISSIMF,
779 1822 885 1881 dodum
907 1839 925 1880 a
946 1839 992 1881 me
1012 1824 1111 1895 parari
1131 1822 1286 1882 editionem

105 1911 263 1967 carminum
285 1910 400 1983 Virgilii
422 1910 521 1981 talem,
545 1908 657 1980 qualem
679 1909 802 1966 maxime
824 1908 989 1967 desiderare
1010 1908 1161 1967 videantur
1181 1909 1216 1980 ii,
1238 1909 1287 1981 qui

111 2000 156 2053 ant
176 1995 300 2068 primurn
322 1994 360 2053 ad
382 2010 417 2053 ea
439 1992 561 2067 legenda
583 1993 733 2066 accedent,
762 1999 823 2066 aut,
850 1998 1003 2067 postquam
1024 1995 1109 2067 pueri
1128 1994 1160 2051 in
1181 1994 1286 2053 scholis

106 2080 278 2153 particulam
300 2079 433 2153 aliqum
448 2078 646 2153 cognoverint,
676 2080 785 2152 egressi
806 2094 842 2137 ea
863 2084 972 2152 aetate,
994 2078 1145 2138 deficiente
1166 2080 1204 2138 ad
1224 2079 1286 2138 vol·

108 2166 211 2224 vendes
233 2166 389 2239 ampliores
412 2164 631 2225 commentarios
654 2165 727 2237 otio,
753 2170 893 2237 perpetuo
919 2165 1062 2238 celerique
1088 2165 1212 2223 lectione
1236 2180 1286 2223 eos

106 2251 194 2309 libros
217 2252 370 2323 complecti
392 2251 514 2324 cupiant
548 2250 649 2323 Itaque
670 2249 795 2322 primum
815 2250 951 2308 brevitati
971 2250 1096 2309 maxime
1116 2249 1287 2308 studendum

105 2338 209 2409 potari.
254 2336 346 2395 Huius
374 2340 469 2395 autem
495 2335 645 2393 brevitatis
671 2336 779 2407 duplex
805 2340 849 2393 est
873 2336 962 2407 ratio,
990 2352 1112 2407 quornm
1139 2336 1231 2393 altero
1256 2336 1287 2392 in

103 2418 200 2482 verbis
223 2426 309 2496 etque
331 2423 462 2481 oratione
484 2422 622 2494 cernitur,
649 2422 743 2479 altera
768 2421 799 2477 in
826 2426 906 2478 certo
935 2420 1060 2493 quodam
1085 2420 1173 2478 modo
1198 2420 1287 2477 inter·

103 2509 275 2580 pretationis
304 2506 473 2566 definiendo.
524 2507 568 2566 De
594 2507 649 2566 hoo
677 2507 802 2580 primum
830 2506 934 2565 dicam.
981 2506 1062 2564 Nihil
1090 2506 1190 2580 putavi
1215 2506 1286 2564 mibi

102 2593 306 2652 illustrandum
328 2609 403 2666 esse,
432 2593 522 2667 quod,
550 2591 599 2666 qui
621 2593 697 2666 leget
719 2609 755 2650 ea
776 2593 915 2665 oarnrine,
938 2592 1025 2666 modo
1045 2607 1083 2651 ne
1103 2593 1142 2650 sit
1162 2592 1287 2650 nimiae

102 2680 225 2737 scientia
246 2683 297 2736 ant
316 2680 424 2752 ingenii
446 2679 575 2738 sollertia
597 2678 757 2751 destitutus
778 2679 840 2751 ipse
855 2677 991 2752 expedire
1009 2694 1095 2751 posse
1115 2676 1187 2736 mibi
1207 2677 1286 2736 ride·

101 2771 191 2822 retur.
237 2763 358 2822 Omnino
381 2765 456 2822 enim
477 2763 549 2822 illud
570 2765 663 2822 teneri
683 2765 783 2836 velim,
812 2779 881 2822 non
902 2764 1044 2837 ignavis
1066 2768 1170 2836 atque
1190 2763 1287 2820 iner-

102 2849 197 2907 tibus
220 2865 272 2908 me
294 2849 499 2922 scripsisse,
531 2849 591 2908 sed
619 2849 679 2921 iis,
709 2849 767 2922 qui
795 2854 831 2907 et
851 2848 963 2906 velint
990 2853 1026 2907 et
1051 2849 1193 2920 possint
1220 2849 1286 2906 ali·

105 2934 187 3007 quid
218 2951 234 2992 e
262 2935 422 2994 lectione
448 2935 599 3008 Virgilii
632 2932 823 3007 proficere.
880 2934 1009 2992 Primum
1035 2938 1131 2992 autem
1160 2931 1286 2992 officinm

103 3021 271 3093 interpretis
291 3020 347 3078 hoe
369 3037 430 3079 esse
452 3021 631 3078 consentiunt
653 3023 764 3092 omnes,
790 3026 822 3078 nt
844 3025 873 3077 et
894 3035 991 3077 rerum
1009 3025 1040 3077 et
1060 3019 1213 3077 verborum
1235 3018 1287 3077 ob·

104 3106 238 3178 scuritas,
262 3107 286 3162 si
309 3123 365 3178 qua
387 3109 444 3179 est,
465 3105 593 3164 tolletur.
637 3105 739 3178 Itaque
761 3110 790 3163 et
811 3121 860 3163 eas
881 3121 940 3178 res,
963 3120 1034 3178 quas
1056 3105 1286 3176 abquemmultos

105 3181 141 3248 ex'
162 3207 209 3262 eo,
238 3191 315 3264 quod
337 3191 433 3250 animo
455 3189 536 3264 finxi,
564 3207 667 3264 genere
694 3191 834 3249 lectorum
859 3191 995 3264 ignorare
1016 3191 1190 3262 suspicarer,
1219 3206 1287 3246 enn-

106 3275 239 3334 cleandas
262 3277 370 3348 censui,
394 3281 423 3334 et
445 3291 480 3334 ea
500 3276 589 3334 verba
611 3276 763 3334 enodanda
784 3277 854 3334 mihi
874 3276 975 3347 sumsi,
1003 3291 1124 3347 quorum
1145 3276 1287 3334 sententia

104 3361 191 3433 paulo
214 3366 289 3420 esset
309 3362 483 3434 impeditior.
528 3361 610 3432 Quod
632 3362 657 3419 si
679 3362 741 3435 quis
762 3360 905 3433 haerebit,
926 3360 977 3418 ubi
997 3362 1088 3432 tacui,
1115 3375 1179 3418 eum
1200 3359 1286 3418 iubeo

105 3464 121 3503 a
144 3447 238 3505 lexico
260 3452 360 3520 petere
381 3447 531 3517 auxilium3
559 3463 729 3519 quemquam
751 3464 810 3506 non
830 3463 937 3520 pauca,
965 3462 1038 3519 qnae
1059 3445 1145 3504 lexici
1166 3461 1222 3518 ope
1242 3447 1286 3503 in·

103 3533 195 3589 veniri
216 3537 344 3605 possunt,
366 3549 425 3590 non
446 3532 569 3590 iudicavi
590 3531 660 3589 mibi
681 3531 947 3605 praetermitterent
969 3532 994 3588 si
1013 3530 1179 3589 viderentur
1200 3547 1286 3603 quae·
1308 3530 1311 3534 ’

67 3613 74 3624 ”
102 3622 214 3674 rentem
236 3617 342 3675 diutim
365 3633 426 3676 esse
447 3623 636 3676 remoratum.
681 3617 738 3675 Sed
765 3618 813 3691 qui
833 3622 945 3676 veteres
974 3617 1131 3690 scriptores
1152 3622 1286 3674 accurate

102 3702 199 3774 legere
226 3701 281 3760 sibi
311 3703 495 3776 proposuerit
523 3703 571 3779 (ac
597 3702 683 3766 debet
709 3702 766 3761 hoc
792 3701 847 3760 sibi
876 3703 995 3775 quisque
1025 3717 1201 3775 proponere,
1238 3702 1287 3774 qui

102 3803 210 3860 operae
235 3789 359 3860 pretium
387 3786 483 3846 fecere
511 3793 540 3846 et
562 3804 625 3846 cum
647 3786 742 3846 fructu
763 3789 793 3845 in
815 3804 851 3846 ea
871 3787 1035 3846 reversari
1055 3785 1144 3862 vult),
1169 3792 1287 3859 praeter
1317 3788 1326 3796 ’

102 3873 237 3944 cuiusque
258 3872 339 3930 verbi
360 3873 494 3933 notitiam
515 3873 646 3946 cognitas
668 3872 775 3932 habeat
792 3889 908 3932 necesse
922 3876 967 3930 est
981 3872 1059 3946 leges
1074 3871 1285 3945 grammaticas.

100 3958 148 4014 Ad
170 3957 246 4016 hano
267 3959 356 4030 igitur
377 3974 488 4032 quoque
509 3964 622 4030 partem
645 3959 855 4031 explanandum
876 3957 1006 4016 laborem
1023 3974 1118 4015 meum
1132 3957 1203 4014 mihi
1216 3957 1286 4014 diri·

99 4043 225 4116 gendum
247 4058 308 4100 esse
330 4045 432 4116 statui,
461 4059 560 4102 verum
581 4059 638 4102 non
659 4045 714 4116 itu,
744 4049 777 4102 ut
803 4043 965 4102 communia
986 4048 1017 4101 et
1036 4042 1168 4116 vulgaria
1189 4057 1286 4116 perse·

99 4145 213 4200 querer,
235 4133 380 4203 tamquam
403 4129 451 4202 qni
472 4133 588 4200 poetam
609 4145 667 4187 uon
688 4130 784 4202 potius
805 4145 858 4188 sua
880 4145 965 4202 quam
983 4128 1185 4202 grammatices
1199 4143 1286 4186 causa

98 4213 283 4272 tractandum
306 4214 508 4287 existimarem,
533 4215 582 4272 sed
605 4219 649 4286 ut,
672 4231 745 4288 quae
767 4214 920 4288 adipsum
941 4219 1058 4287 poetam
1079 4218 1158 4271 reete
1178 4211 1285 4270 intelli·

98 4299 224 4374 gendum
248 4299 335 4356 etium
356 4300 401 4372 iis,
423 4301 471 4372 qui
492 4316 550 4358 uon
571 4300 686 4358 omnino
708 4300 795 4358 rodes
816 4304 912 4358 essent
929 4299 1165 4369 miseratore,
1187 4313 1286 4354 neces·

97 4384 176 4444 sama
190 4383 366 4458 riderentur,
390 4400 424 4444 ea
439 4384 588 4444 dumtaxat
603 4401 784 4460 exponerem.
825 4385 872 4442 Ao
893 4399 985 4459 neque
1005 4383 1061 4442 hcc
1080 4384 1112 4440 in
1130 4397 1172 4454 re,
1194 4397 1286 4454 neque
