2942 4975
503 272 717 340 AENEIDOS
741 275 820 339 LIB.
842 276 928 341 VIII.

213 460 292 527 Oum
314 478 423 525 mimos
447 478 615 543 arcemque
637 461 750 543 procul
771 480 808 526 ac
829 480 904 527 rara
925 462 1093 527 domorum

213 547 313 611 Tecta
334 546 459 625 vident3
483 564 564 627 quae
586 565 671 611 nunc
692 546 837 611 Romana
857 546 1004 628 potentia
1025 547 1113 612 caelo

123 631 190 695 100
212 631 386 713 Aequavit3
408 634 477 695 tum
500 648 552 696 res
575 630 687 714 inopes
707 631 878 696 Euandrus
899 631 1047 697 habebat

213 715 309 781 Ocius
332 717 506 781 advertunt
527 735 638 798 proras
660 716 795 798 urbique
817 717 1040 799 propinquant.

215 871 225 884 ,
293 802 392 866 Forte
416 801 467 865 die
490 802 678 867 sollemnem
698 801 754 866 illo
777 820 834 867 rer
855 802 955 867 Arcas
977 802 1132 867 honorem

212 886 515 969 Amphitryoniadae
536 905 652 969 magno
676 886 820 967 divisque
842 886 969 952 ferebat

211 970 297 1037 Ante
319 972 432 1036 urbem
452 972 487 1036 in
510 972 589 1037 luco.
633 972 740 1037 Pallas
762 972 835 1037 huic
856 970 940 1038 filius
962 990 1034 1050 una,

121 1054 189 1121 105
210 1056 284 1121 Una
305 1075 416 1121 omnes
437 1056 587 1122 iuvenum
609 1057 701 1140 primi
722 1074 906 1140 pauperque
927 1062 1059 1121 senatus

212 1142 299 1206 Tura
321 1142 454 1221 dabant,
477 1142 669 1224 tepidusque
691 1160 786 1207 cruor
806 1141 951 1207 fumabat
972 1142 1013 1207 ud
1034 1159 1114 1209 aras

210 1226 257 1291 Ut
279 1227 381 1292 celsas
402 1227 513 1293 videre
534 1232 634 1307 rates,
657 1232 754 1308 atque
775 1227 861 1294 inter
882 1246 1018 1309 opacum

122 1368 128 1371 .
210 1312 327 1376 Adlahi
348 1329 474 1391 nemus,
499 1317 533 1377 et
554 1312 662 1377 tacitis
683 1312 870 1380 incumbere
892 1312 997 1391 remis,

211 1396 389 1462 Torrentur
411 1398 481 1461 visu
503 1397 623 1478 subito,
646 1398 817 1480 cunctique
838 1397 959 1462 relictis

121 1480 188 1547 110
211 1480 416 1564 Consurgunt
437 1482 564 1547 mensis
607 1484 720 1548 Audax
742 1501 822 1564 quos
842 1500 991 1564 rumpere
1012 1482 1120 1547 Pallas
1232 1505 1247 1518 ··

212 1566 310 1631 Sacra
330 1572 433 1647 vetat,
455 1573 612 1649 raptoque
634 1569 723 1633 volat
745 1569 811 1633 telo
833 1566 945 1632 obvius
966 1567 1044 1650 ipse,
1094 1629 1098 1638 .

210 1653 254 1717 Et
274 1653 387 1733 procul
410 1672 427 1716 e
449 1654 587 1718 tumulo:
617 1653 766 1733 Iuvenes,
789 1671 871 1735 quae
893 1670 1006 1717 caussa
1026 1652 1155 1735 subegit

210 1738 340 1819 Ignotas
363 1742 523 1821 temptare
545 1738 633 1804 vias?
667 1757 729 1821 quo
752 1737 906 1803 tenditis?
938 1735 1052 1819 inquit
1081 1775 1083 1780 ,

22 1894 24 1899 .
212 1820 272 1899 Qui
293 1824 416 1904 genus?
448 1824 534 1889 unde
556 1825 672 1889 domo?
704 1842 859 1907 pacemne
880 1822 943 1887 huc
964 1821 1069 1903 sarth,
1091 1842 1134 1888 an
1154 1824 1264 1889 arma?

123 1904 188 1970 115
211 1908 291 1972 Tum
314 1912 407 1990 pater
428 1908 555 1975 Aeneas
577 1909 676 1992 puppi
698 1909 745 1975 sic
766 1907 853 1975 fatur
874 1908 914 1973 ah
935 1907 1010 1987 alta

209 1991 438 2074 Paciferaeque
460 2013 557 2059 manu
578 2013 702 2059 ramum
723 1993 909 2075 praetendit
929 1993 1048 2059 olivae:

211 2078 408 2159 Troiugenas
431 2098 468 2144 ac
490 2079 557 2145 tela
577 2080 666 2145 vides
688 2078 817 2145 inimica
836 2078 969 2158 Latinis,

206 2162 296 2242 thos
318 2164 364 2228 illi
387 2164 472 2229 bello
495 2163 647 2247 prologos
670 2182 767 2247 egere
788 2163 934 2245 superbo.

207 2248 394 2313 Euandrum
415 2249 562 2330 petimus.
605 2250 703 2315 Ferte
725 2248 818 2328 haec,
841 2253 875 2313 et
896 2248 993 2313 dicite
1015 2247 1116 2313 lectos

123 2331 187 2397 120
208 2333 390 2399 Dardaniae
412 2335 538 2401 venisse
560 2334 672 2414 duces,
694 2334 782 2400 socia
804 2351 894 2399 arma
914 2332 1067 2415 rogantis.

210 2417 372 2502 Obstipuit
394 2424 484 2485 tanto
506 2438 678 2502 percussus
699 2418 827 2485 nomine
849 2418 968 2484 Pallas:

209 2504 372 2586 Egredere
391 2525 413 2570 o
436 2503 628 2588 quicum'que
651 2523 699 2586 ea,
722 2506 779 2585 ait,
802 2522 972 2586 coramque
994 2508 1161 2585 parentem

209 2590 404 2672 Admonere,
428 2610 465 2656 ac
487 2593 605 2657 nostris
627 2591 764 2658 succede
786 2589 955 2673 penatibus
977 2587 1104 2670 hospes

210 2675 408 2757 Excepitque
430 2695 538 2755 manu,
561 2678 770 2759 dextramque
792 2676 956 2758 amplexus
976 2674 1125 2739 inhaesit

117 2759 188 2830 ,125
209 2760 376 2842 Progressi
398 2761 537 2828 subeunt
558 2763 631 2828 luco
652 2761 847 2843 dudumque
868 2760 1064 2842 relinquunt.

192 2850 196 2857 ‘
292 2846 372 2912 Tum
395 2865 505 2928 regem
527 2847 654 2913 Aeneas
676 2847 771 2912 dictis
794 2845 922 2915 adlatur
942 2843 1065 2910 amicis:

209 2930 348 3013 Optume
371 2930 600 3014 Graiugenum,
624 2932 674 2997 cui
695 2951 747 2998 mo
767 2933 913 2998 Fortuna
933 2929 1059 3014 precari

207 3016 251 3081 Et
272 3016 354 3080 vitta
375 3022 519 3099 comptos
540 3017 642 3082 voluit
663 3017 875 3100 praetendere
897 3034 1011 3095 ramos,

207 3101 280 3166 Non
304 3101 452 3183 equidem
476 3102 618 3183 extimui,
640 3103 789 3168 Danaum
811 3102 897 3184 quod
918 3103 1033 3168 ductor
1056 3104 1090 3165 et
1111 3103 1211 3166 Arcas

110 3271 183 3338 sat,
200 3273 362 3337 peragrandis
387 3272 457 3324 silvis
479 3288 628 3340 magnopere
654 3288 755 3339 operum
773 3270 856 3336 dant!
891 3267 932 3323 98.
951 3285 1028 3334 rare,
1046 3286 1071 3321 v.
1090 3269 1114 3334 1,
1132 3267 1206 3332 118.Ι
1241 3267 1300 3322 101.

118 3340 219 3391 edbert.
239 3340 272 3390 ad
289 3337 407 3409 ripamss
443 3337 586 3393 102-183.
622 3344 727 3392 Aeneae
755 3339 844 3392 Tiberi
865 3341 1001 3390 subvectus
1025 3337 1181 3390 Euandrum
1204 3340 1302 3389 maeuii

118 3423 198 3458 sacro
220 3407 340 3459 Herculia
366 3412 548 3460 anniversario
571 3413 598 3460 in
620 3410 676 3462 luco
698 3414 863 3475 operantem,
887 3410 1045 3474 benigneque
1066 3412 1189 3472 exceptus
1200 3407 1301 3470 foedus

23 3483 30 3494 “
119 3493 181 3527 cum
198 3493 263 3540 rege
281 3479 370 3543 iungit
387 3479 517 3544 epulisque
535 3480 568 3528 ab
586 3492 614 3528 eo
632 3472 794 3542 adhibetur]
829 3474 887 3528 103.
906 3476 987 3538 diris,
1011 3475 1115 3526 Servius
1136 3474 1232 3539 „cuius
1254 3475 1299 3526 deo

118 3544 317 3606 sacrificaretur,
342 3561 442 3596 necesse
459 3552 514 3596 erat
530 3552 587 3612 post
609 3547 688 3612 ipsum
708 3547 816 3610 reliquos
833 3544 974 3605 muccari;“
995 3543 1027 3593 ci.
1044 3539 1069 3605 3,
1088 3539 1134 3592 19·
1160 3543 1208 3594 etsi
1229 3543 1254 3594 id
1277 3544 1302 3594 in

118 3614 201 3663 sacris
221 3613 332 3664 Herculis
357 3615 410 3665 lieri
435 3621 509 3678 negot
527 3615 610 3666 Varro
632 3621 697 3665 teste
714 3613 848 3664 Plutarcho
866 3611 968 3676 Qnaeet.
986 3611 1056 3662 Rom.
1074 3580 1135 3676 901
1166 3606 1224 3662 104.
1240 3613 1301 3662 duic

118 3684 183 3743 aad,
202 3697 250 3732 unu
268 3698 323 3732 cum
341 3679 410 3744 hoel
446 3677 504 3731 105.
523 3685 666 3732 iuuenes
684 3690 709 3732 et
727 3685 885 3732 iuventae
903 3695 978 3746 saepe
995 3681 1012 3732 i.
1025 3678 1108 3745 (leviri
1126 3681 1219 3730 uentis
1237 3680 1301 3731 mili-

117 3746 207 3814 taris!
242 3747 291 3800 107
306 3766 343 3816 sq.
361 3750 395 3802 Ut
412 3749 593 3816 conspexerunt
609 3765 685 3800 naves
704 3765 815 3815 easque
833 3749 992 3799 intereamus
1004 3746 1088 3798 adlabi
1106 3761 1136 3796 ac
1153 3752 1301 3816 remiges

118 3819 195 3868 remis
213 3819 237 3868 in
256 3815 355 3884 placido
375 3835 446 3870 aurire
469 3835 545 3886 prope
568 3819 661 3869 nullutn
678 3833 809 3884 ,uquarum
832 3816 961 3882 strepitum
983 3815 1138 3867 moventibus
1160 3817 1302 3868 incumbere

119 3884 157 3952 (5,
177 3883 223 3953 15)
236 3885 376 3952 viderunt}
412 3885 468 3939 110,
487 3903 560 3954 quor,
580 3902 621 3937 eos
640 3887 741 3948 scilicet,
760 3885 801 3951 qui
819 3886 954 3936 intererant
972 3886 1011 3936 hie
1029 3884 1115 3950 epulis,
1134 3899 1196 3949 quus
1215 3893 1301 3952 utpote

118 3969 207 4006 sacras
232 3955 410 4021 interrumpere
434 3955 504 4010 netas
529 3951 609 4026 erat}
649 3952 707 4005 111.
733 3957 803 4020 ipse,
831 3953 914 4016 solus,
940 3961 969 4004 ut
992 3952 1040 4018 11,
1063 3949 1114 4005 217
1132 3968 1170 4018 sq.
1196 3953 1301 4017 „Dirum

117 4030 285 4072 exsecrantur
312 4024 403 4074 bellum
430 4023 558 4090 Turnique
586 4027 748 4092 hymenaeos:
779 4023 892 4089 Ipsum
921 4023 997 4073 armis
1026 4025 1191 4088 ipsumque
1216 4023 1302 4073 iubent

3 4125 9 4138 .
117 4093 254 4142 decernere
278 4091 385 4156 ferro.“l
422 4091 479 4145 113.
504 4097 515 4143 i
535 4097 626 4156 notar,
651 4094 708 4158 quin
731 4092 779 4158 ipsi
802 4097 861 4141 sunt
883 4086 1030 4157 peregrini!
1074 4087 1132 4140 114.
1156 4090 1208 4153 Qui
1228 4107 1300 4155 gera,

117 4161 194 4215 τίνες
207 4151 239 4208 τὸ
251 4159 359 4224 γένος]
395 4157 453 4210 116.
471 4111 620 4230 viltam
655 4157 712 4211 118.
730 4161 846 4227 superbo,
861 4151 1021 4227 ὑβριστικῷ,
1039 4159 1098 4224 quia
1109 4159 1241 4223 superbum
1253 4165 1300 4220 arr,

116 4227 238 4296 profugos
251 4236 276 4278 et
289 4229 382 4284 ἱκέτας
395 4229 511 4296 pellere}
547 4228 605 4282 119.
623 4227 709 4294 Ferte,
728 4229 840 4280 nuntiate
851 4225 896 4294 eil
931 4226 989 4280 121.
1008 4232 1088 4290 tanto,
1107 4225 1138 4275 ci.
1152 4224 1175 4289 1,
1188 4222 1239 4276 565
1248 4224 1300 4293 aql

117 4293 178 4346 124.
197 4297 361 4364 decepitque,
379 4313 404 4348 v.
418 4295 442 4362 5,
454 4295 513 4350 504.
525 4327 560 4336 -
577 4301 692 4350 induerit
709 4297 744 4361 ei,
762 4295 793 4350 ἕν
805 4290 826 4346 τ’
840 4289 895 4364 ἄρα
908 4296 937 4346 oi
953 4295 995 4364 φῦ
1002 4297 1083 4365 χειρί
1093 4292 1205 4356 doment
1239 4288 1299 4344 125.

171 4385 278 4432 Vmorr.
291 4397 368 4432 cm.
855 4423 858 4428 .
1059 4377 1093 4437 21
