2942 4975
209 314 275 381 320
582 314 616 377 P.
639 311 805 379 VIRGILI
827 310 1017 376 MARONIS

297 499 475 583 Nymphae,
497 499 676 563 Laurentes
698 497 878 581 Nymphae,
900 514 1001 577 genus
1024 495 1169 561 amnibus
1191 497 1278 561 unde
1300 501 1360 577 est,

298 587 423 666 Tuque,
445 603 463 649 o
487 584 606 665 Thybri
628 590 685 649 tuo
708 584 836 666 genitor
858 600 930 646 cum
952 580 1083 645 flumine
1106 585 1227 661 sancto,

296 670 441 751 Accipite
463 669 608 747 Aenean,
632 674 665 733 et
687 670 818 733 tandem
841 669 949 732 arcete
971 666 1109 747 periclis.

297 755 366 832 Quo
389 758 423 818 te
446 772 581 835 cumque
603 753 704 832 lacus,
726 754 933 817 miserantem
953 750 1156 816 incommoda
1174 754 1297 829 nostra,

233 838 274 905 75
295 840 400 904 Fonte
424 842 527 917 tenet,
550 857 750 920 quocumque
772 838 840 903 solo
861 836 1096 919 pulcherrimus
1120 836 1195 916 exis,

295 924 429 1005 Semper
451 924 572 988 honore
595 942 680 1001 meo,
703 940 830 1004 semper
852 921 1057 987 celebrabere
1079 921 1180 1001 donia,
1204 960 1208 963 -

297 1009 451 1091 Oomiger
472 1008 686 1089 Hesperidum
709 1008 840 1072 Flavius
862 1011 1017 1088 regnator
1037 1025 1201 1087 aquarum.
1271 1086 1278 1094 ·

295 1094 391 1158 Adsis
415 1113 433 1158 o
456 1097 582 1158 tantum
605 1098 639 1157 et
660 1093 793 1175 propius
814 1098 872 1156 tua
892 1090 1023 1155 numina
1044 1089 1161 1155 firmes.

296 1178 348 1244 Sic
370 1182 541 1257 memorat,
563 1178 771 1259 geminasque
793 1176 873 1257 legit
895 1176 935 1240 de
958 1175 1059 1241 classe
1082 1174 1211 1240 biremis

231 1261 274 1327 80
295 1263 505 1345 Remigioque
527 1268 630 1345 aptat;
653 1263 756 1327 socios
779 1262 873 1326 simul
894 1261 1026 1326 instruit
1049 1260 1154 1325 armis

378 1348 462 1413 Ecce
484 1352 591 1412 autem
613 1348 754 1413 subitum
777 1352 874 1427 atque
897 1346 997 1410 oculis
1018 1346 1163 1428 mirabile
1183 1349 1375 1426 monstrum,

246 1446 258 1475 ⁰
297 1433 439 1499 Candida
460 1452 519 1515 per
541 1433 653 1497 silvam
677 1451 749 1497 cum
770 1432 840 1497 fetu
863 1431 1014 1496 concolor
1034 1430 1107 1494 albo

294 1518 470 1584 Procubuit
491 1518 647 1599 viridique
670 1518 703 1581 in
725 1518 821 1581 litore
844 1515 1039 1598 conspicitur
1061 1534 1129 1579 sus:

296 1603 397 1681 Quam
419 1603 491 1686 pius
514 1603 640 1667 Aeneas
663 1602 722 1667 tibi
745 1602 843 1680 enim,
865 1601 937 1679 tibi,
959 1620 1109 1665 maxuma
1130 1600 1219 1679 Iuno,

231 1686 274 1754 85
295 1689 417 1754 Mactat
438 1707 530 1753 sacra
551 1686 658 1751 ferens
681 1692 715 1751 et
736 1706 808 1751 cum
831 1704 930 1768 grege
952 1686 1038 1751 sistit
1058 1686 1100 1749 ad
1122 1704 1219 1750 aram.

296 1773 432 1856 Thybris
455 1791 494 1837 ea
515 1771 659 1851 fluvium,
681 1791 777 1853 quam
799 1774 895 1853 longa
918 1776 981 1850 est,
1002 1776 1099 1835 nocte
1120 1773 1301 1835 tumentem

295 1858 418 1937 Leniit,
441 1862 475 1921 et
496 1857 596 1921 tacita
617 1855 756 1921 refluens
777 1857 825 1921 ita
846 1856 991 1921 substitit
1013 1856 1107 1935 unda,

296 1943 385 2009 Mitis
407 1947 444 2007 ut
465 1942 499 2007 in
521 1961 641 2007 morem
664 1942 769 2024 stagni
790 1941 998 2024 placidaeque
1020 1940 1146 2022 paludis

296 2028 466 2093 Sterneret
487 2045 607 2107 aequor
629 2028 731 2108 aquic,
754 2046 843 2091 remo
866 2031 904 2089 ut
924 2026 1087 2091 luctamen
1109 2025 1244 2090 abesset.

231 2112 275 2176 90
294 2114 382 2195 Ergo
404 2113 468 2176 iter
489 2112 652 2194 inceptum
676 2113 820 2177 celerant
840 2130 969 2177 rumore
992 2111 1141 2175 secundo.

294 2197 430 2263 Labitur
452 2202 549 2262 uncta
569 2198 659 2262 vadis
682 2198 783 2276 abies3
806 2196 963 2261 mirantur
986 2201 1020 2261 et
1040 2195 1154 2274 undae,
1241 2197 1257 2234 s

294 2283 432 2349 Miratur
453 2301 565 2347 nemus
587 2283 750 2347 insuetum
771 2281 928 2363 fulgentia
949 2282 1046 2363 longe

296 2368 394 2433 Scuta
415 2368 517 2432 virum
540 2366 635 2433 fluvio
658 2368 825 2450 pictasque
846 2366 960 2431 innare
982 2365 1115 2431 carinas.

295 2453 360 2519 Olli
382 2453 515 2535 remigio
538 2458 730 2535 noctemque
753 2452 902 2534 memque
924 2450 1071 2534 fatigant,

231 2537 273 2602 95
294 2539 338 2604 Et
359 2540 472 2620 longos
495 2543 649 2620 superant
670 2537 785 2617 flexus,
807 2538 967 2619 variisque
989 2539 1144 2617 teguntur

294 2623 486 2701 Arboribus,
507 2623 680 2705 viridisque
703 2629 815 2689 secant
835 2623 962 2705 placido
985 2639 1126 2703 aequore
1147 2619 1252 2686 silvas.

192 2777 196 2782 ,
295 2707 350 2773 Sol
372 2707 512 2772 medium
536 2708 616 2772 caeli
639 2707 872 2773 conscenderat
891 2707 1005 2788 igneus
1028 2706 1147 2785 orbem,

210 2961 251 3015 71.
269 2979 329 3028 gen.
349 2977 418 3012 unia.
432 2978 458 3011 u.
471 2979 500 3024 a,
519 2960 576 3026 quia
589 2962 712 3028 nymphae
726 2967 784 3011 sunt
800 2961 863 3011 deae
881 2960 1005 3026 fontium!
1041 2958 1075 3010 74
1086 2977 1123 3026 sq.
1142 2960 1224 3022 lacus,
1243 2961 1302 3025 quia
1336 2968 1391 3011 utu·

210 3033 270 3082 bant
287 3029 369 3080 sontes
388 3045 419 3079 ex
442 3030 545 3079 lacubus
568 3029 741 3079 subterraneis
765 3030 909 3095 provenire,
932 3029 963 3080 ci.
982 3027 1012 3080 G.
1030 3026 1064 3092 4,
1082 3025 1134 3080 319
1151 3035 1178 3079 et
1193 2978 1342 3079 359-372.
1360 3057 1392 3066 -

209 3103 284 3164 cais,
301 3115 316 3149 e
333 3097 424 3170 ionia}
458 3095 499 3148 76.
517 3098 585 3162 bora,
604 3113 628 3147 v.
646 3095 672 3160 3,
690 3095 763 3162 1181
798 3095 839 3148 77.
861 3113 886 3148 v.
905 3096 936 3147 G.
953 3094 980 3161 4,
997 3095 1057 3148 371.
1075 3125 1109 3134 -
1126 3102 1257 3162 regnator
1274 3097 1307 3146 11.
1325 3113 1392 3164 uqa,

208 3170 321 3236 princeps
338 3167 469 3218 fluviorum
487 3165 583 3228 Italiae,
601 3181 626 3215 v.
645 3163 675 3215 G.
693 3164 717 3226 l,
735 3161 812 3229 4821
847 3164 888 3216 78.
908 3171 1025 3229 tantum,
1043 3171 1072 3216 nt
1089 3156 1197 3232 μόνον,
1216 3166 1329 3231 optantis
1347 3174 1393 3229 est,

209 3244 237 3288 ut
256 3234 282 3300 6,
292 3232 333 3286 74.
347 3264 380 3272 -
392 3237 507 3302 propius,
526 3249 554 3283 re
571 3235 605 3284 ali
621 3247 654 3283 ua
667 3233 747 3296 magis
759 3234 940 3298 perspicua-
951 3237 1068 3294 numina,
1087 3233 1191 3284 Servius
1209 3240 1271 3297 ‚,tua
1289 3235 1393 3284 oracula

209 3312 234 3356 et
251 3305 404 3371 promissa;“
428 3304 491 3352 idem
513 3303 545 3353 ad
564 3300 589 3366 3,
606 3249 658 3352 863
682 3304 817 3365 „aurneina
834 3303 964 3352 draculo.“
998 3303 1094 3368 Nempe
1111 3303 1151 3352 vis
1169 3302 1269 3352 divinae
1285 3308 1394 3353 naturae

209 3374 318 3424 cernitur
336 3373 411 3422 etiam
429 3372 453 3420 in
470 3371 627 3421 vaticinando
646 3376 672 3420 et
689 3370 840 3420 declaranda
852 3370 976 3422 vaticiniis
989 3385 1035 3420 sua
1047 3371 1187 3432 voluntate3
1206 3377 1232 3419 et
1244 3386 1269 3420 v.
1281 3367 1309 3434 2,
1320 3367 1381 3421 691.

209 3438 251 3492 80.
273 3457 298 3490 v.
320 3438 345 3504 4,
362 3436 437 3506 4821
470 3436 512 3489 81.
536 3455 560 3488 v.
583 3437 613 3489 G.
638 3435 664 3502 2,
687 3434 761 3502 441.1
796 3434 830 3488 82
847 3455 884 3503 sq.
909 3438 940 3488 ci.
963 3455 1002 3489 vs.
1024 3435 1083 3503 431
1117 3434 1159 3490 84.
1183 3438 1259 3488 Silius
1282 3435 1360 3501 13‚1

209 3509 331 3573 „Mactat,
343 3509 416 3570 Diva,
433 3508 487 3570 tibi,
506 3509 571 3557 riba·
586 3509 681 3570 enim,
695 3508 756 3556 bueo
767 3507 908 3568 gratissima
922 3508 1022 3556 sacra.“
1039 3510 1116 3572 etaim,
1134 3497 1250 3570 δηλαδή,
1267 3506 1396 3570 videlieet,

211 3584 241 3626 ut
258 3593 305 3642 par
323 3583 376 3638 est,
393 3583 423 3626 ut
440 3576 493 3625 fieri
511 3577 584 3626 debet
601 3580 646 3624 aut
663 3575 741 3636 solet,
765 3581 876 3625 nostrum
894 3576 1014 3639 fredird,
1031 3575 1180 3636 natiir·lird;
1205 3589 1292 3640 nempe
1310 3575 1396 3625 lunoni

226 3646 361 3694 ctissimum
379 3659 432 3695 eam
452 3645 559 3695 debebat
576 3649 687 3709 inactare
704 3657 735 3692 ex
755 3649 887 3708 praecepto
904 3644 990 3694 Heleni
1014 3640 1039 3705 3,
1056 3639 1107 3693 437
1126 3659 1194 3708 sqq.;
1219 3642 1250 3693 ei.
1268 3643 1345 3694 etiam
1364 3641 1394 3694 G.

208 3660 234 3774 2,
252 3710 311 3764 509.
329 3713 359 3762 A.
379 3713 403 3775 6,
421 3709 496 3779 317.1
530 3710 572 3764 86.
590 3727 671 3776 quum
690 3710 766 3775 ionga
785 3716 839 3761 est.-
859 3712 1012 3774 significatur
1031 3711 1131 3776 quidam
1149 3710 1186 3761 rei
1203 3717 1276 3762 tenor
1294 3719 1321 3763 et
1337 3727 1396 3778 per·

208 3782 317 3846 petuitas
334 3795 378 3845 per
393 3779 536 3842 Praesens!
570 3777 612 3831 87.
630 3780 752 3846 raptatae,
771 3794 900 3844 repressus
918 3795 963 3829 nec
980 3777 1134 3845 protuberat
1169 3775 1212 3828 89.
1229 3779 1318 3831 Stern.
1339 3797 1395 3846 aeq.

209 3863 226 3897 a
244 3885 263 3911 .‚
290 3849 421 3898 sternendo
446 3847 554 3899 alliceret
576 3863 671 3914 aequor
693 3847 779 3913 aquis,
802 3862 882 3912 aquas
906 3848 977 3912 quasi
996 3849 1176 3914 complanaret,
1193 3847 1225 3898 ei.
1242 3849 1273 3898 Ε.
1293 3845 1320 3912 9,
1336 3845 1395 3916 571

203 3863 250 3966 99.
269 3915 381 3966 Imitatus
400 3923 438 3965 est
456 3918 516 3966 baec
534 3919 626 3968 huson.
645 3916 741 3966 Maseli.
760 3911 794 3965 22
816 3931 936 3980 ,amoena
953 3919 1045 3967 fluenta
1064 3916 1262 3967 subterlabentis
1285 3919 1395 3968 tacito

207 3998 336 4038 rumare
347 3981 496 4044 Mosellae*
513 3986 576 4034 nude
588 3985 747 4048 intelligimus
760 3999 884 4035 rumorem
896 3985 1028 4034 secundum
1044 3986 1066 4034 b.
1078 3985 1094 4034 Ι.
1108 3985 1156 4034 dici
1172 3985 1251 4036 leuem
1261 3987 1395 4052 strepitum

207 4052 299 4119 placidi
316 4051 422 4101 fluminis
441 4053 592 4116 navigationi
610 4049 822 4114 obsecundantis!
859 4049 901 4103 91.
918 4058 1012 4116 uncta,
1037 4053 1128 4119 picata.
1150 4081 1181 4089 -
1198 4054 1303 4104 undas?
1320 4070 1347 4104 v.
1364 4053 1393 4103 E.

208 4119 233 4183 1,
251 4114 306 4184 391
340 4117 382 4171 92.
400 4118 530 4183 iuratur,
555 4135 579 4170 v.
603 4120 632 4170 n.
656 4117 681 4182 4,
700 4117 738 4187 6.1
772 4117 814 4170 93.
836 4122 934 4171 carinus
958 4136 1026 4172 eum
1052 4122 1158 4172 scutis
1180 4122 1293 4172 virorum
1317 4123 1393 4172 fluvio

209 4191 309 4252 mnare3
333 4203 358 4238 v.
379 4185 402 4250 7,
420 4183 479 4236 237.
497 4215 530 4224 -
546 4191 646 4254 pietas,
668 4203 692 4238 v.
716 4185 746 4247 5,
764 4184 842 4254 6681
876 4186 917 4239 94.
935 4195 1060 4256 rroetsmq.
1087 4190 1127 4254 d,
1154 4205 1218 4256 opus
1244 4198 1393 4245 nocturnum

209 4258 385 4323 diurnumqu03
403 4254 534 4320 satagere
554 4262 593 4306 est
618 4257 649 4306 ad
673 4256 812 4305 satiantem
837 4257 959 4321 quandam
976 4273 1110 4321 exercere,
1131 4259 1262 4325 plurimum
1281 4259 1394 4310 laborem

208 4327 360 4394 impendere:
379 4327 527 4391 noctemque
543 4324 567 4376 d.
579 4323 619 4389 s,
637 4323 775 4390 plurimum
787 4331 861 4375 noctu
877 4325 1032 4392 interdiuque
1049 4326 1177 4390 laborant3
1195 4324 1221 4392 9,
1237 4323 1292 4380 607)
1312 4327 1393 4378 ednas
