<?xml version="1.0" encoding="UTF-8"?>
<!DOCTYPE html PUBLIC "-//W3C//DTD XHTML 1.0 Transitional//EN"
    "http://www.w3.org/TR/xhtml1/DTD/xhtml1-transitional.dtd">
<html xmlns="http://www.w3.org/1999/xhtml" xml:lang="en" lang="en">
 <head>
  <title>
</title>
<meta http-equiv="Content-Type" content="text/html;charset=utf-8" />
  <meta name='ocr-system' content='tesseract 3.04.00' />
  <meta name='ocr-capabilities' content='ocr_page ocr_carea ocr_par ocr_line ocrx_word'/>
</head>
<body>
  <div class='ocr_page' id='page_1' title='image "./carminabreviter00virggoog_0049.png"; bbox 0 0 2942 4975; ppageno 0'>
   <div class='ocr_carea' id='block_1_1' title="bbox 570 308 1001 375">
    <p class='ocr_par' dir='ltr' id='par_1_1' title="bbox 570 308 1001 375">
     <span class='ocr_line' id='line_1_1' title="bbox 570 308 1001 375; baseline 0 0"><span class='ocrx_word' id='word_1_1' title='bbox 570 311 603 375; x_wconf 92' lang='lat' dir='ltr'>P.</span> <span class='ocrx_word' id='word_1_2' title='bbox 625 309 789 375; x_wconf 84' lang='lat' dir='ltr'>VIRGILI</span> <span class='ocrx_word' id='word_1_3' title='bbox 811 308 1001 375; x_wconf 82' lang='lat' dir='ltr'>MARONIS</span> 
     </span>
    </p>
   </div>
   <div class='ocr_carea' id='block_1_2' title="bbox 538 496 983 687">
    <p class='ocr_par' dir='ltr' id='par_1_2' title="bbox 538 496 983 687">
     <span class='ocr_line' id='line_1_2' title="bbox 538 496 983 572; baseline 0.011 -8"><span class='ocrx_word' id='word_1_4' title='bbox 538 558 540 564; x_wconf 43' lang='lat'>.</span> <span class='ocrx_word' id='word_1_5' title='bbox 586 496 874 572; x_wconf 73' lang='lat' dir='ltr'>ECLOGA</span> <span class='ocrx_word' id='word_1_6' title='bbox 918 498 983 572; x_wconf 88' lang='lat' dir='ltr'>IV.</span> 
     </span>
     <span class='ocr_line' id='line_1_3' title="bbox 680 630 888 687; baseline 0 0"><span class='ocrx_word' id='word_1_7' title='bbox 680 630 888 687; x_wconf 76' lang='lat' dir='ltr'>ramo.</span> 
     </span>
    </p>
   </div>
   <div class='ocr_carea' id='block_1_3' title="bbox 218 749 1155 1599">
    <p class='ocr_par' dir='ltr' id='par_1_3' title="bbox 218 749 1155 1599">
     <span class='ocr_line' id='line_1_4' title="bbox 281 749 1029 833; baseline -0.008 -14"><span class='ocrx_word' id='word_1_8' title='bbox 281 754 434 820; x_wconf 84' lang='lat' dir='ltr'>Sicelides</span> <span class='ocrx_word' id='word_1_9' title='bbox 456 753 582 831; x_wconf 83' lang='lat' dir='ltr'>Musae,</span> <span class='ocrx_word' id='word_1_10' title='bbox 604 750 699 833; x_wconf 87' lang='lat' dir='ltr'>paulo</span> <span class='ocrx_word' id='word_1_11' title='bbox 721 749 843 814; x_wconf 86' lang='lat' dir='ltr'>maiora</span> <span class='ocrx_word' id='word_1_12' title='bbox 865 750 1029 815; x_wconf 89' lang='lat' dir='ltr'>canamus!</span> 
     </span>
     <span class='ocr_line' id='line_1_5' title="bbox 278 834 1155 917; baseline -0.006 -13"><span class='ocrx_word' id='word_1_13' title='bbox 278 840 351 905; x_wconf 90' lang='lat' dir='ltr'>Non</span> <span class='ocrx_word' id='word_1_14' title='bbox 374 838 475 904; x_wconf 89' lang='lat' dir='ltr'>omnis</span> <span class='ocrx_word' id='word_1_15' title='bbox 498 837 629 903; x_wconf 85' lang='lat' dir='ltr'>arbusta</span> <span class='ocrx_word' id='word_1_16' title='bbox 649 836 762 900; x_wconf 88' lang='lat' dir='ltr'>iuvant</span> <span class='ocrx_word' id='word_1_17' title='bbox 782 834 982 915; x_wconf 84' lang='lat' dir='ltr'>humilesque</span> <span class='ocrx_word' id='word_1_18' title='bbox 1003 836 1155 917; x_wconf 73' lang='lat' dir='ltr'>myricae,</span> 
     </span>
     <span class='ocr_line' id='line_1_6' title="bbox 280 919 1123 1001; baseline -0.006 -11"><span class='ocrx_word' id='word_1_19' title='bbox 280 925 313 990; x_wconf 83' lang='lat' dir='ltr'>si</span> <span class='ocrx_word' id='word_1_20' title='bbox 336 924 478 990; x_wconf 90' lang='lat' dir='ltr'>canimus</span> <span class='ocrx_word' id='word_1_21' title='bbox 499 922 609 1000; x_wconf 88' lang='lat' dir='ltr'>silvas,</span> <span class='ocrx_word' id='word_1_22' title='bbox 632 920 730 985; x_wconf 88' lang='lat' dir='ltr'>silvae</span> <span class='ocrx_word' id='word_1_23' title='bbox 753 919 818 983; x_wconf 92' lang='lat' dir='ltr'>sint</span> <span class='ocrx_word' id='word_1_24' title='bbox 840 919 978 985; x_wconf 81' lang='lat' dir='ltr'>Consule</span> <span class='ocrx_word' id='word_1_25' title='bbox 1000 920 1123 1001; x_wconf 84' lang='lat' dir='ltr'>dignae.</span> 
     </span>
     <span class='ocr_line' id='line_1_7' title="bbox 368 1004 1133 1089; baseline -0.007 -14"><span class='ocrx_word' id='word_1_26' title='bbox 368 1009 491 1075; x_wconf 87' lang='lat' dir='ltr'>Ultima</span> <span class='ocrx_word' id='word_1_27' title='bbox 513 1006 640 1089; x_wconf 79' lang='lat' dir='ltr'>cynaei</span> <span class='ocrx_word' id='word_1_28' title='bbox 662 1006 752 1070; x_wconf 90' lang='lat' dir='ltr'>venit</span> <span class='ocrx_word' id='word_1_29' title='bbox 773 1005 836 1069; x_wconf 86' lang='lat' dir='ltr'>iarn</span> <span class='ocrx_word' id='word_1_30' title='bbox 859 1004 1007 1069; x_wconf 81' lang='lat' dir='ltr'>carminis</span> <span class='ocrx_word' id='word_1_31' title='bbox 1030 1011 1133 1085; x_wconf 73' lang='lat' dir='ltr'>aetas,</span> 
     </span>
     <span class='ocr_line' id='line_1_8' title="bbox 236 1090 1101 1177; baseline -0.006 -17"><span class='ocrx_word' id='word_1_32' title='bbox 236 1096 257 1160; x_wconf 81' lang='lat'>5</span> <span class='ocrx_word' id='word_1_33' title='bbox 279 1096 415 1177; x_wconf 84' lang='lat' dir='ltr'>Magnus</span> <span class='ocrx_word' id='word_1_34' title='bbox 437 1094 476 1159; x_wconf 89' lang='lat' dir='ltr'>ab</span> <span class='ocrx_word' id='word_1_35' title='bbox 499 1092 626 1174; x_wconf 84' lang='lat' dir='ltr'>integro</span> <span class='ocrx_word' id='word_1_36' title='bbox 649 1091 828 1156; x_wconf 78' lang='lat' dir='ltr'>saeclorum</span> <span class='ocrx_word' id='word_1_37' title='bbox 850 1090 993 1155; x_wconf 87' lang='lat' dir='ltr'>nascitur</span> <span class='ocrx_word' id='word_1_38' title='bbox 1015 1091 1101 1155; x_wconf 91' lang='lat' dir='ltr'>ordo.</span> 
     </span>
     <span class='ocr_line' id='line_1_9' title="bbox 279 1174 1113 1258; baseline -0.006 -13"><span class='ocrx_word' id='word_1_39' title='bbox 279 1182 347 1245; x_wconf 87' lang='lat' dir='ltr'>Iam</span> <span class='ocrx_word' id='word_1_40' title='bbox 368 1179 454 1243; x_wconf 92' lang='lat' dir='ltr'>redit</span> <span class='ocrx_word' id='word_1_41' title='bbox 477 1181 510 1242; x_wconf 89' lang='lat' dir='ltr'>et</span> <span class='ocrx_word' id='word_1_42' title='bbox 531 1177 643 1258; x_wconf 85' lang='lat' dir='ltr'>Virgo,</span> <span class='ocrx_word' id='word_1_43' title='bbox 666 1176 804 1241; x_wconf 88' lang='lat' dir='ltr'>redeunt</span> <span class='ocrx_word' id='word_1_44' title='bbox 822 1174 978 1240; x_wconf 85' lang='lat' dir='ltr'>Saturnia</span> <span class='ocrx_word' id='word_1_45' title='bbox 996 1194 1113 1257; x_wconf 73' lang='lat' dir='ltr'>regna,</span> 
     </span>
     <span class='ocr_line' id='line_1_10' title="bbox 280 1260 1057 1345; baseline -0.008 -16"><span class='ocrx_word' id='word_1_46' title='bbox 280 1266 347 1330; x_wconf 91' lang='lat' dir='ltr'>lam</span> <span class='ocrx_word' id='word_1_47' title='bbox 370 1282 454 1329; x_wconf 86' lang='lat' dir='ltr'>nora</span> <span class='ocrx_word' id='word_1_48' title='bbox 474 1263 645 1345; x_wconf 85' lang='lat' dir='ltr'>progenies</span> <span class='ocrx_word' id='word_1_49' title='bbox 668 1261 757 1326; x_wconf 87' lang='lat' dir='ltr'>caclo</span> <span class='ocrx_word' id='word_1_50' title='bbox 779 1260 961 1325; x_wconf 84' lang='lat' dir='ltr'>demittitur</span> <span class='ocrx_word' id='word_1_51' title='bbox 983 1261 1057 1325; x_wconf 92' lang='lat' dir='ltr'>alto.</span> 
     </span>
     <span class='ocr_line' id='line_1_11' title="bbox 280 1345 1122 1429; baseline -0.006 -15"><span class='ocrx_word' id='word_1_52' title='bbox 280 1351 329 1415; x_wconf 87' lang='lat' dir='ltr'>Tu</span> <span class='ocrx_word' id='word_1_53' title='bbox 351 1349 445 1413; x_wconf 91' lang='lat' dir='ltr'>modo</span> <span class='ocrx_word' id='word_1_54' title='bbox 467 1348 614 1413; x_wconf 86' lang='lat' dir='ltr'>nascenti</span> <span class='ocrx_word' id='word_1_55' title='bbox 635 1365 750 1429; x_wconf 90' lang='lat' dir='ltr'>puero,</span> <span class='ocrx_word' id='word_1_56' title='bbox 772 1363 835 1427; x_wconf 91' lang='lat' dir='ltr'>qao</span> <span class='ocrx_word' id='word_1_57' title='bbox 857 1345 965 1411; x_wconf 82' lang='lat' dir='ltr'>ferrea</span> <span class='ocrx_word' id='word_1_58' title='bbox 985 1346 1122 1427; x_wconf 89' lang='lat' dir='ltr'>primum</span> 
     </span>
     <span class='ocr_line' id='line_1_12' title="bbox 279 1432 1071 1515; baseline -0.005 -16"><span class='ocrx_word' id='word_1_59' title='bbox 279 1435 414 1500; x_wconf 86' lang='lat' dir='ltr'>Desinet</span> <span class='ocrx_word' id='word_1_60' title='bbox 436 1452 472 1499; x_wconf 92' lang='lat' dir='ltr'>ac</span> <span class='ocrx_word' id='word_1_61' title='bbox 495 1438 567 1498; x_wconf 92' lang='lat' dir='ltr'>toto</span> <span class='ocrx_word' id='word_1_62' title='bbox 590 1437 701 1515; x_wconf 83' lang='lat' dir='ltr'>surget</span> <span class='ocrx_word' id='word_1_63' title='bbox 722 1450 801 1513; x_wconf 81' lang='lat' dir='ltr'>gens</span> <span class='ocrx_word' id='word_1_64' title='bbox 823 1450 922 1497; x_wconf 88' lang='lat' dir='ltr'>aurea</span> <span class='ocrx_word' id='word_1_65' title='bbox 943 1432 1071 1510; x_wconf 92' lang='lat' dir='ltr'>mundo,</span> 
     </span>
     <span class='ocr_line' id='line_1_13' title="bbox 218 1517 1090 1599; baseline -0.002 -16"><span class='ocrx_word' id='word_1_66' title='bbox 218 1521 258 1584; x_wconf 89' lang='lat'>10</span> <span class='ocrx_word' id='word_1_67' title='bbox 280 1520 376 1586; x_wconf 79' lang='lat' dir='ltr'>Casta</span> <span class='ocrx_word' id='word_1_68' title='bbox 397 1518 469 1585; x_wconf 86' lang='lat' dir='ltr'>lave</span> <span class='ocrx_word' id='word_1_69' title='bbox 490 1519 625 1584; x_wconf 85' lang='lat' dir='ltr'>Lucina:</span> <span class='ocrx_word' id='word_1_70' title='bbox 648 1522 723 1583; x_wconf 89' lang='lat' dir='ltr'>tuas</span> <span class='ocrx_word' id='word_1_71' title='bbox 744 1517 808 1582; x_wconf 87' lang='lat' dir='ltr'>iam</span> <span class='ocrx_word' id='word_1_72' title='bbox 829 1522 945 1599; x_wconf 85' lang='lat' dir='ltr'>regnat</span> <span class='ocrx_word' id='word_1_73' title='bbox 966 1517 1090 1598; x_wconf 88' lang='lat' dir='ltr'>Apollo.</span> 
     </span>
    </p>
   </div>
   <div class='ocr_carea' id='block_1_4' title="bbox 262 1670 1461 1740">
    <p class='ocr_par' dir='ltr' id='par_1_4' title="bbox 262 1670 1461 1740">
     <span class='ocr_line' id='line_1_14' title="bbox 262 1670 1461 1740; baseline -0.003 -17"><span class='ocrx_word' id='word_1_74' title='bbox 262 1677 384 1740; x_wconf 65' lang='lat' dir='ltr'>Eulogo</span> <span class='ocrx_word' id='word_1_75' title='bbox 401 1680 457 1725; x_wconf 78' lang='lat' dir='ltr'>lv.</span> <span class='ocrx_word' id='word_1_76' title='bbox 493 1672 633 1736; x_wconf 77' lang='lat' dir='ltr'>lugentibus</span> <span class='ocrx_word' id='word_1_77' title='bbox 651 1672 722 1723; x_wconf 80' lang='lat' dir='ltr'>unalis</span> <span class='ocrx_word' id='word_1_78' title='bbox 741 1670 833 1721; x_wconf 81' lang='lat' dir='ltr'>afflicta</span> <span class='ocrx_word' id='word_1_79' title='bbox 850 1679 907 1722; x_wconf 88' lang='lat' dir='ltr'>erat</span> <span class='ocrx_word' id='word_1_80' title='bbox 923 1677 978 1722; x_wconf 87' lang='lat' dir='ltr'>tota</span> <span class='ocrx_word' id='word_1_81' title='bbox 989 1670 1070 1732; x_wconf 89' lang='lat' dir='ltr'>ltalia,</span> <span class='ocrx_word' id='word_1_82' title='bbox 1089 1671 1193 1737; x_wconf 90' lang='lat' dir='ltr'>primum</span> <span class='ocrx_word' id='word_1_83' title='bbox 1212 1684 1244 1719; x_wconf 83' lang='lat' dir='ltr'>ex</span> <span class='ocrx_word' id='word_1_84' title='bbox 1256 1685 1374 1734; x_wconf 72' lang='lat' dir='ltr'>agrorum</span> <span class='ocrx_word' id='word_1_85' title='bbox 1460 1701 1461 1706; x_wconf 62' lang='lat'><em>=</em></span> 
     </span>
    </p>
   </div>
   <div class='ocr_carea' id='block_1_5' title="bbox 193 1738 1375 1944">
    <p class='ocr_par' dir='ltr' id='par_1_5' title="bbox 193 1738 1375 1944">
     <span class='ocr_line' id='line_1_15' title="bbox 195 1738 1374 1806; baseline -0.003 -15"><span class='ocrx_word' id='word_1_86' title='bbox 195 1743 321 1806; x_wconf 85' lang='lat' dir='ltr'>divisione,</span> <span class='ocrx_word' id='word_1_87' title='bbox 336 1770 366 1779; x_wconf 92' lang='lat'><em>-</em></span> <span class='ocrx_word' id='word_1_88' title='bbox 379 1743 436 1791; x_wconf 88' lang='lat' dir='ltr'>vide</span> <span class='ocrx_word' id='word_1_89' title='bbox 448 1756 511 1805; x_wconf 90' lang='lat' dir='ltr'>quae</span> <span class='ocrx_word' id='word_1_90' title='bbox 523 1739 628 1805; x_wconf 87' lang='lat' dir='ltr'>praelati</span> <span class='ocrx_word' id='word_1_91' title='bbox 640 1755 723 1789; x_wconf 90' lang='lat' dir='ltr'>sumus</span> <span class='ocrx_word' id='word_1_92' title='bbox 736 1740 789 1789; x_wconf 85' lang='lat' dir='ltr'>Ecl.</span> <span class='ocrx_word' id='word_1_93' title='bbox 802 1738 820 1789; x_wconf 87' lang='lat' dir='ltr'>l.</span> <span class='ocrx_word' id='word_1_94' title='bbox 834 1768 868 1777; x_wconf 88' lang='lat'>—</span> <span class='ocrx_word' id='word_1_95' title='bbox 885 1746 937 1789; x_wconf 90' lang='lat' dir='ltr'>tum</span> <span class='ocrx_word' id='word_1_96' title='bbox 954 1754 985 1788; x_wconf 81' lang='lat' dir='ltr'>es</span> <span class='ocrx_word' id='word_1_97' title='bbox 1004 1739 1135 1789; x_wconf 90' lang='lat' dir='ltr'>inimicitiis</span> <span class='ocrx_word' id='word_1_98' title='bbox 1149 1740 1212 1789; x_wconf 82' lang='lat' dir='ltr'>iuter</span> <span class='ocrx_word' id='word_1_99' title='bbox 1224 1738 1374 1789; x_wconf 89' lang='lat' dir='ltr'>Antonianos</span> 
     </span>
     <span class='ocr_line' id='line_1_16' title="bbox 194 1804 1375 1875; baseline -0.004 -15"><span class='ocrx_word' id='word_1_100' title='bbox 194 1817 219 1861; x_wconf 93' lang='lat' dir='ltr'>et</span> <span class='ocrx_word' id='word_1_101' title='bbox 237 1809 398 1860; x_wconf 87' lang='lat' dir='ltr'>Octavianum</span> <span class='ocrx_word' id='word_1_102' title='bbox 420 1808 526 1873; x_wconf 75' lang='lat' dir='ltr'>agitatis</span> <span class='ocrx_word' id='word_1_103' title='bbox 550 1816 653 1875; x_wconf 85' lang='lat' dir='ltr'>ortoque</span> <span class='ocrx_word' id='word_1_104' title='bbox 674 1808 729 1857; x_wconf 92' lang='lat' dir='ltr'>inde</span> <span class='ocrx_word' id='word_1_105' title='bbox 753 1808 799 1857; x_wconf 89' lang='lat' dir='ltr'>sah</span> <span class='ocrx_word' id='word_1_106' title='bbox 823 1808 915 1858; x_wconf 79' lang='lat' dir='ltr'>exitam</span> <span class='ocrx_word' id='word_1_107' title='bbox 936 1807 1045 1857; x_wconf 90' lang='lat' dir='ltr'>autumni</span> <span class='ocrx_word' id='word_1_108' title='bbox 1064 1823 1086 1858; x_wconf 89' lang='lat' dir='ltr'>a.</span> <span class='ocrx_word' id='word_1_109' title='bbox 1106 1824 1129 1873; x_wconf 93' lang='lat' dir='ltr'>p.</span> <span class='ocrx_word' id='word_1_110' title='bbox 1148 1825 1172 1857; x_wconf 90' lang='lat' dir='ltr'>a.</span> <span class='ocrx_word' id='word_1_111' title='bbox 1192 1823 1213 1855; x_wconf 89' lang='lat' dir='ltr'>c.</span> <span class='ocrx_word' id='word_1_112' title='bbox 1233 1804 1285 1857; x_wconf 87' lang='grc'>713</span> <span class='ocrx_word' id='word_1_113' title='bbox 1311 1808 1375 1857; x_wconf 88' lang='lat' dir='ltr'>hello</span> 
     </span>
     <span class='ocr_line' id='line_1_17' title="bbox 193 1874 1375 1944; baseline -0.003 -16"><span class='ocrx_word' id='word_1_114' title='bbox 193 1879 327 1941; x_wconf 86' lang='lat' dir='ltr'>Perusino,</span> <span class='ocrx_word' id='word_1_115' title='bbox 351 1879 455 1944; x_wconf 90' lang='lat' dir='ltr'>deniqne</span> <span class='ocrx_word' id='word_1_116' title='bbox 472 1892 502 1926; x_wconf 80' lang='lat' dir='ltr'>en</span> <span class='ocrx_word' id='word_1_117' title='bbox 524 1876 587 1927; x_wconf 81' lang='lat' dir='ltr'>ianae</span> <span class='ocrx_word' id='word_1_118' title='bbox 605 1876 776 1939; x_wconf 86' lang='lat' dir='ltr'>atrocissima,</span> <span class='ocrx_word' id='word_1_119' title='bbox 799 1876 934 1928; x_wconf 84' lang='lat' dir='ltr'>intercluso</span> <span class='ocrx_word' id='word_1_120' title='bbox 952 1877 1017 1925; x_wconf 91' lang='lat' dir='ltr'>omni</span> <span class='ocrx_word' id='word_1_121' title='bbox 1034 1891 1078 1941; x_wconf 89' lang='lat' dir='ltr'>per</span> <span class='ocrx_word' id='word_1_122' title='bbox 1096 1877 1165 1925; x_wconf 84' lang='lat' dir='ltr'>Sext</span> <span class='ocrx_word' id='word_1_123' title='bbox 1184 1874 1327 1941; x_wconf 85' lang='lat' dir='ltr'>Pompeiam</span> <span class='ocrx_word' id='word_1_124' title='bbox 1345 1891 1375 1925; x_wconf 85' lang='lat' dir='ltr'>ae</span> 
     </span>
    </p>
   </div>
   <div class='ocr_carea' id='block_1_6' title="bbox 194 1944 1461 2009">
    <p class='ocr_par' dir='ltr' id='par_1_6' title="bbox 194 1944 1461 2009">
     <span class='ocr_line' id='line_1_18' title="bbox 194 1944 1461 2009; baseline -0.002 -13"><span class='ocrx_word' id='word_1_125' title='bbox 194 1946 223 1997; x_wconf 88' lang='lat' dir='ltr'>L.</span> <span class='ocrx_word' id='word_1_126' title='bbox 243 1946 374 1996; x_wconf 86' lang='lat' dir='ltr'>Domitium</span> <span class='ocrx_word' id='word_1_127' title='bbox 392 1946 582 1997; x_wconf 74' lang='lat' dir='ltr'>Ahenobarbum</span> <span class='ocrx_word' id='word_1_128' title='bbox 601 1952 746 2006; x_wconf 78' lang='lat' dir='ltr'>commeatu,</span> <span class='ocrx_word' id='word_1_129' title='bbox 764 1959 868 2009; x_wconf 86' lang='lat' dir='ltr'>quorum</span> <span class='ocrx_word' id='word_1_130' title='bbox 886 1946 928 1995; x_wconf 89' lang='lat' dir='ltr'>ille</span> <span class='ocrx_word' id='word_1_131' title='bbox 945 1944 1052 1994; x_wconf 89' lang='lat' dir='ltr'>Siciliam</span> <span class='ocrx_word' id='word_1_132' title='bbox 1070 1944 1217 1994; x_wconf 79' lang='lat' dir='ltr'>atiniarum</span> <span class='ocrx_word' id='word_1_133' title='bbox 1235 1960 1318 2007; x_wconf 90' lang='lat' dir='ltr'>marc,</span> <span class='ocrx_word' id='word_1_134' title='bbox 1337 1946 1376 1994; x_wconf 88' lang='lat' dir='ltr'>hic</span> <span class='ocrx_word' id='word_1_135' title='bbox 1460 1947 1461 1952; x_wconf 77' lang='grc'>’</span> 
     </span>
    </p>
   </div>
   <div class='ocr_carea' id='block_1_7' title="bbox 126 2011 1380 4412">
    <p class='ocr_par' dir='ltr' id='par_1_7' title="bbox 126 2011 1380 4412">
     <span class='ocr_line' id='line_1_19' title="bbox 194 2011 1375 2080; baseline -0.003 -15"><span class='ocrx_word' id='word_1_136' title='bbox 194 2030 309 2080; x_wconf 91' lang='lat' dir='ltr'>superum</span> <span class='ocrx_word' id='word_1_137' title='bbox 328 2014 461 2064; x_wconf 81' lang='lat' dir='ltr'>obtinebat.</span> <span class='ocrx_word' id='word_1_138' title='bbox 499 2012 580 2063; x_wconf 85' lang='lat' dir='ltr'>Tanto</span> <span class='ocrx_word' id='word_1_139' title='bbox 593 2014 710 2063; x_wconf 88' lang='lat' dir='ltr'>maiorem</span> <span class='ocrx_word' id='word_1_140' title='bbox 723 2013 843 2063; x_wconf 85' lang='lat' dir='ltr'>laetitiam</span> <span class='ocrx_word' id='word_1_141' title='bbox 855 2013 940 2063; x_wconf 89' lang='lat' dir='ltr'>attulit</span> <span class='ocrx_word' id='word_1_142' title='bbox 952 2011 1038 2063; x_wconf 83' lang='lat' dir='ltr'>laedas</span> <span class='ocrx_word' id='word_1_143' title='bbox 1049 2013 1239 2076; x_wconf 84' lang='lat' dir='ltr'>Brundusinam,</span> <span class='ocrx_word' id='word_1_144' title='bbox 1257 2019 1375 2063; x_wconf 88' lang='lat' dir='ltr'>autumno</span> 
     </span>
     <span class='ocr_line' id='line_1_20' title="bbox 195 2080 1374 2148; baseline -0.003 -15"><span class='ocrx_word' id='word_1_145' title='bbox 195 2098 217 2133; x_wconf 89' lang='lat' dir='ltr'>a.</span> <span class='ocrx_word' id='word_1_146' title='bbox 237 2080 287 2133; x_wconf 89' lang='grc'>714</span> <span class='ocrx_word' id='word_1_147' title='bbox 304 2084 391 2145; x_wconf 85' lang='lat' dir='ltr'>ictum,</span> <span class='ocrx_word' id='word_1_148' title='bbox 415 2098 461 2148; x_wconf 90' lang='lat' dir='ltr'>quo</span> <span class='ocrx_word' id='word_1_149' title='bbox 481 2082 597 2147; x_wconf 82' lang='lat' dir='ltr'>restituta</span> <span class='ocrx_word' id='word_1_150' title='bbox 615 2089 653 2132; x_wconf 92' lang='lat' dir='ltr'>est</span> <span class='ocrx_word' id='word_1_151' title='bbox 670 2082 733 2131; x_wconf 90' lang='lat' dir='ltr'>inter</span> <span class='ocrx_word' id='word_1_152' title='bbox 750 2080 883 2131; x_wconf 85' lang='lat' dir='ltr'>Antoniam</span> <span class='ocrx_word' id='word_1_153' title='bbox 900 2089 926 2131; x_wconf 90' lang='lat' dir='ltr'>et</span> <span class='ocrx_word' id='word_1_154' title='bbox 943 2081 1106 2134; x_wconf 85' lang='lat' dir='ltr'>Octavianum</span> <span class='ocrx_word' id='word_1_155' title='bbox 1123 2081 1263 2131; x_wconf 87' lang='lat' dir='ltr'>concordia.</span> <span class='ocrx_word' id='word_1_156' title='bbox 1297 2082 1374 2131; x_wconf 84' lang='lat' dir='ltr'>Adhi-</span> 
     </span>
     <span class='ocr_line' id='line_1_21' title="bbox 194 2148 1377 2216; baseline -0.002 -15"><span class='ocrx_word' id='word_1_157' title='bbox 194 2152 283 2201; x_wconf 87' lang='lat' dir='ltr'>buerat</span> <span class='ocrx_word' id='word_1_158' title='bbox 301 2151 420 2200; x_wconf 89' lang='lat' dir='ltr'>Antonias</span> <span class='ocrx_word' id='word_1_159' title='bbox 440 2150 471 2200; x_wconf 92' lang='lat' dir='ltr'>ad</span> <span class='ocrx_word' id='word_1_160' title='bbox 490 2150 679 2216; x_wconf 88' lang='lat' dir='ltr'>componendam</span> <span class='ocrx_word' id='word_1_161' title='bbox 697 2149 765 2199; x_wconf 89' lang='lat' dir='ltr'>illum</span> <span class='ocrx_word' id='word_1_162' title='bbox 783 2164 865 2215; x_wconf 86' lang='lat' dir='ltr'>pacem</span> <span class='ocrx_word' id='word_1_163' title='bbox 883 2150 994 2200; x_wconf 89' lang='lat' dir='ltr'>Asinium</span> <span class='ocrx_word' id='word_1_164' title='bbox 1011 2150 1153 2199; x_wconf 86' lang='lat' dir='ltr'>Pollionem.</span> <span class='ocrx_word' id='word_1_165' title='bbox 1182 2148 1207 2199; x_wconf 89' lang='lat' dir='ltr'>ls</span> <span class='ocrx_word' id='word_1_166' title='bbox 1225 2150 1300 2215; x_wconf 91' lang='lat' dir='ltr'>paulo</span> <span class='ocrx_word' id='word_1_167' title='bbox 1319 2158 1377 2216; x_wconf 90' lang='lat' dir='ltr'>post</span> 
     </span>
     <span class='ocr_line' id='line_1_22' title="bbox 194 2217 1376 2285; baseline -0.002 -16"><span class='ocrx_word' id='word_1_168' title='bbox 194 2219 295 2269; x_wconf 86' lang='lat' dir='ltr'>Romam</span> <span class='ocrx_word' id='word_1_169' title='bbox 314 2234 430 2268; x_wconf 88' lang='lat' dir='ltr'>reversus</span> <span class='ocrx_word' id='word_1_170' title='bbox 448 2220 601 2269; x_wconf 87' lang='lat' dir='ltr'>consulatum</span> <span class='ocrx_word' id='word_1_171' title='bbox 619 2219 679 2281; x_wconf 87' lang='lat' dir='ltr'>iniit,</span> <span class='ocrx_word' id='word_1_172' title='bbox 698 2219 744 2268; x_wconf 89' lang='lat' dir='ltr'>sub</span> <span class='ocrx_word' id='word_1_173' title='bbox 761 2218 873 2283; x_wconf 84' lang='lat' dir='ltr'>idemque</span> <span class='ocrx_word' id='word_1_174' title='bbox 891 2227 988 2285; x_wconf 89' lang='lat' dir='ltr'>tempus</span> <span class='ocrx_word' id='word_1_175' title='bbox 999 2218 1074 2268; x_wconf 83' lang='lat' dir='ltr'>filium</span> <span class='ocrx_word' id='word_1_176' title='bbox 1089 2218 1197 2268; x_wconf 84' lang='lat' dir='ltr'>sustulit.</span> <span class='ocrx_word' id='word_1_177' title='bbox 1227 2217 1376 2268; x_wconf 81' lang='lat' dir='ltr'>Obtinucrat</span> 
     </span>
     <span class='ocr_line' id='line_1_23' title="bbox 194 2286 1376 2350; baseline 0 -13"><span class='ocrx_word' id='word_1_178' title='bbox 194 2289 242 2338; x_wconf 90' lang='lat' dir='ltr'>iam</span> <span class='ocrx_word' id='word_1_179' title='bbox 260 2296 334 2338; x_wconf 86' lang='lat' dir='ltr'>antea</span> <span class='ocrx_word' id='word_1_180' title='bbox 351 2286 425 2350; x_wconf 90' lang='lat' dir='ltr'>lama,</span> <span class='ocrx_word' id='word_1_181' title='bbox 443 2303 532 2338; x_wconf 88' lang='lat' dir='ltr'>novam</span> <span class='ocrx_word' id='word_1_182' title='bbox 544 2288 639 2339; x_wconf 86' lang='lat' dir='ltr'>instare</span> <span class='ocrx_word' id='word_1_183' title='bbox 650 2287 733 2337; x_wconf 91' lang='lat' dir='ltr'>muudi</span> <span class='ocrx_word' id='word_1_184' title='bbox 744 2293 860 2337; x_wconf 80' lang='lat' dir='ltr'>aetatem.</span> <span class='ocrx_word' id='word_1_185' title='bbox 887 2286 948 2337; x_wconf 88' lang='lat' dir='ltr'>Cam</span> <span class='ocrx_word' id='word_1_186' title='bbox 960 2293 1042 2337; x_wconf 89' lang='lat' dir='ltr'>autem</span> <span class='ocrx_word' id='word_1_187' title='bbox 1053 2286 1127 2337; x_wconf 79' lang='lat' dir='ltr'>ltalia</span> <span class='ocrx_word' id='word_1_188' title='bbox 1139 2286 1256 2337; x_wconf 82' lang='lat' dir='ltr'>Pollionis</span> <span class='ocrx_word' id='word_1_189' title='bbox 1269 2288 1376 2337; x_wconf 80' lang='lat' dir='ltr'>maxime</span> 
     </span>
     <span class='ocr_line' id='line_1_24' title="bbox 195 2354 1375 2422; baseline -0.001 -16"><span class='ocrx_word' id='word_1_190' title='bbox 195 2372 270 2422; x_wconf 89' lang='lat' dir='ltr'>opera</span> <span class='ocrx_word' id='word_1_191' title='bbox 295 2372 325 2406; x_wconf 81' lang='lat' dir='ltr'>en</span> <span class='ocrx_word' id='word_1_192' title='bbox 350 2356 454 2407; x_wconf 88' lang='lat' dir='ltr'>miseriis</span> <span class='ocrx_word' id='word_1_193' title='bbox 478 2357 530 2406; x_wconf 90' lang='lat' dir='ltr'>sais</span> <span class='ocrx_word' id='word_1_194' title='bbox 554 2357 685 2407; x_wconf 86' lang='lat' dir='ltr'>emersisse</span> <span class='ocrx_word' id='word_1_195' title='bbox 707 2356 847 2417; x_wconf 87' lang='lat' dir='ltr'>videretur,</span> <span class='ocrx_word' id='word_1_196' title='bbox 873 2357 910 2405; x_wconf 89' lang='lat' dir='ltr'>ita</span> <span class='ocrx_word' id='word_1_197' title='bbox 931 2372 975 2422; x_wconf 89' lang='lat' dir='ltr'>per</span> <span class='ocrx_word' id='word_1_198' title='bbox 992 2354 1043 2405; x_wconf 77' lang='lat' dir='ltr'>llcl.</span> <span class='ocrx_word' id='word_1_199' title='bbox 1062 2355 1105 2407; x_wconf 87' lang='lat' dir='ltr'>lv.</span> <span class='ocrx_word' id='word_1_200' title='bbox 1120 2361 1203 2421; x_wconf 78' lang='lat' dir='ltr'>poeta</span> <span class='ocrx_word' id='word_1_201' title='bbox 1220 2356 1375 2405; x_wconf 88' lang='lat' dir='ltr'>consulatum</span> 
     </span>
     <span class='ocr_line' id='line_1_25' title="bbox 194 2424 1378 2494; baseline -0.002 -19"><span class='ocrx_word' id='word_1_202' title='bbox 194 2424 297 2475; x_wconf 91' lang='lat' dir='ltr'>Pollioni</span> <span class='ocrx_word' id='word_1_203' title='bbox 309 2426 459 2490; x_wconf 81' lang='lat' dir='ltr'>gratulatur,</span> <span class='ocrx_word' id='word_1_204' title='bbox 477 2431 505 2475; x_wconf 92' lang='lat' dir='ltr'>at</span> <span class='ocrx_word' id='word_1_205' title='bbox 517 2441 570 2494; x_wconf 85' lang='lat' dir='ltr'>eum</span> <span class='ocrx_word' id='word_1_206' title='bbox 583 2433 709 2490; x_wconf 77' lang='lat' dir='ltr'>mmquam</span> <span class='ocrx_word' id='word_1_207' title='bbox 721 2424 845 2492; x_wconf 88' lang='lat' dir='ltr'>auspicem</span> <span class='ocrx_word' id='word_1_208' title='bbox 858 2431 883 2473; x_wconf 91' lang='lat' dir='ltr'>ct</span> <span class='ocrx_word' id='word_1_209' title='bbox 894 2425 979 2473; x_wconf 88' lang='lat' dir='ltr'>ducem</span> <span class='ocrx_word' id='word_1_210' title='bbox 992 2440 1071 2474; x_wconf 87' lang='lat' dir='ltr'>novae</span> <span class='ocrx_word' id='word_1_211' title='bbox 1082 2424 1153 2474; x_wconf 89' lang='lat' dir='ltr'>istius</span> <span class='ocrx_word' id='word_1_212' title='bbox 1166 2424 1257 2474; x_wconf 85' lang='lat' dir='ltr'>aetatis</span> <span class='ocrx_word' id='word_1_213' title='bbox 1271 2425 1378 2491; x_wconf 87' lang='lat' dir='ltr'>novique</span> 
     </span>
     <span class='ocr_line' id='line_1_26' title="bbox 194 2493 1377 2561; baseline 0 -19"><span class='ocrx_word' id='word_1_214' title='bbox 194 2509 276 2544; x_wconf 87' lang='lat' dir='ltr'>rerum</span> <span class='ocrx_word' id='word_1_215' title='bbox 294 2495 387 2546; x_wconf 86' lang='lat' dir='ltr'>ordinis</span> <span class='ocrx_word' id='word_1_216' title='bbox 404 2495 531 2561; x_wconf 86' lang='lat' dir='ltr'>praedicet</span> <span class='ocrx_word' id='word_1_217' title='bbox 555 2501 629 2560; x_wconf 90' lang='lat' dir='ltr'>atque</span> <span class='ocrx_word' id='word_1_218' title='bbox 653 2493 676 2544; x_wconf 91' lang='lat' dir='ltr'>in</span> <span class='ocrx_word' id='word_1_219' title='bbox 702 2495 774 2544; x_wconf 87' lang='lat' dir='ltr'>huius</span> <span class='ocrx_word' id='word_1_220' title='bbox 792 2494 829 2543; x_wconf 90' lang='lat' dir='ltr'>rei</span> <span class='ocrx_word' id='word_1_221' title='bbox 846 2495 940 2557; x_wconf 74' lang='lat' dir='ltr'>signam</span> <span class='ocrx_word' id='word_1_222' title='bbox 959 2509 1060 2559; x_wconf 88' lang='lat' dir='ltr'>puerum</span> <span class='ocrx_word' id='word_1_223' title='bbox 1079 2494 1101 2544; x_wconf 91' lang='lat' dir='ltr'>ei</span> <span class='ocrx_word' id='word_1_224' title='bbox 1118 2502 1204 2544; x_wconf 91' lang='lat' dir='ltr'>natum</span> <span class='ocrx_word' id='word_1_225' title='bbox 1222 2508 1279 2543; x_wconf 87' lang='lat' dir='ltr'>esse</span> <span class='ocrx_word' id='word_1_226' title='bbox 1295 2508 1377 2557; x_wconf 74' lang='lat' dir='ltr'>augu-</span> 
     </span>
     <span class='ocr_line' id='line_1_27' title="bbox 194 2559 1378 2630; baseline 0 -18"><span class='ocrx_word' id='word_1_227' title='bbox 194 2569 270 2612; x_wconf 88' lang='lat' dir='ltr'>retar.</span> <span class='ocrx_word' id='word_1_228' title='bbox 288 2559 311 2630; x_wconf 88' lang='grc' dir='ltr'>ΙΙ</span> <span class='ocrx_word' id='word_1_229' title='bbox 329 2561 640 2629; x_wconf 84' lang='lat' dir='ltr'>1.Sa‘ceb&#39;des.·pastoritii</span> <span class='ocrx_word' id='word_1_230' title='bbox 658 2563 773 2612; x_wconf 87' lang='lat' dir='ltr'>carminis</span> <span class='ocrx_word' id='word_1_231' title='bbox 791 2563 931 2628; x_wconf 87' lang='lat' dir='ltr'>praesides;</span> <span class='ocrx_word' id='word_1_232' title='bbox 949 2561 1033 2612; x_wconf 91' lang='lat' dir='ltr'>Sicilia</span> <span class='ocrx_word' id='word_1_233' title='bbox 1051 2563 1121 2625; x_wconf 88' lang='lat' dir='ltr'>enirn,</span> <span class='ocrx_word' id='word_1_234' title='bbox 1140 2562 1222 2627; x_wconf 88' lang='lat' dir='ltr'>patria</span> <span class='ocrx_word' id='word_1_235' title='bbox 1240 2562 1378 2625; x_wconf 85' lang='lat' dir='ltr'>Theocriti,</span> 
     </span>
     <span class='ocr_line' id='line_1_28' title="bbox 194 2627 1377 2698; baseline -0.003 -18"><span class='ocrx_word' id='word_1_236' title='bbox 194 2630 297 2680; x_wconf 89' lang='lat' dir='ltr'>bucolici</span> <span class='ocrx_word' id='word_1_237' title='bbox 316 2631 431 2682; x_wconf 86' lang='lat' dir='ltr'>carminis</span> <span class='ocrx_word' id='word_1_238' title='bbox 449 2646 537 2696; x_wconf 90' lang='lat' dir='ltr'>parcns</span> <span class='ocrx_word' id='word_1_239' title='bbox 558 2632 670 2680; x_wconf 89' lang='lat' dir='ltr'>habetur.</span> <span class='ocrx_word' id='word_1_240' title='bbox 694 2628 725 2679; x_wconf 83' lang='lat' dir='ltr'>cl.</span> <span class='ocrx_word' id='word_1_241' title='bbox 744 2630 812 2680; x_wconf 83' lang='lat' dir='ltr'>Rion.</span> <span class='ocrx_word' id='word_1_242' title='bbox 830 2630 904 2698; x_wconf 78' lang='lat' dir='ltr'>lopll.</span> <span class='ocrx_word' id='word_1_243' title='bbox 922 2627 963 2692; x_wconf 79' lang='lat'>15,</span> <span class='ocrx_word' id='word_1_244' title='bbox 982 2628 1005 2680; x_wconf 95' lang='grc'><strong>1.</strong></span> <span class='ocrx_word' id='word_1_245' title='bbox 1023 2629 1115 2681; x_wconf 85' lang='lat' dir='ltr'>Mosch.</span> <span class='ocrx_word' id='word_1_246' title='bbox 1134 2630 1208 2698; x_wconf 83' lang='lat' dir='ltr'>ldyll.</span> <span class='ocrx_word' id='word_1_247' title='bbox 1226 2629 1251 2692; x_wconf 85' lang='lat'>3,</span> <span class='ocrx_word' id='word_1_248' title='bbox 1269 2628 1288 2681; x_wconf 89' lang='lat'><em>8</em></span> <span class='ocrx_word' id='word_1_249' title='bbox 1304 2631 1377 2688; x_wconf 84' lang='grc' dir='ltr'><strong>,,Σι-</strong></span> 
     </span>
     <span class='ocr_line' id='line_1_29' title="bbox 194 2696 1378 2766; baseline 0.002 -20"><span class='ocrx_word' id='word_1_250' title='bbox 194 2699 299 2748; x_wconf 74' lang='grc' dir='ltr'><strong><em>κελικαὶ</em></strong></span> <span class='ocrx_word' id='word_1_251' title='bbox 322 2696 478 2766; x_wconf 82' lang='grc' dir='ltr'><strong>Μοῖσαι.“1</strong></span> <span class='ocrx_word' id='word_1_252' title='bbox 510 2697 581 2763; x_wconf 77' lang='lat' dir='ltr'>2sq.</span> <span class='ocrx_word' id='word_1_253' title='bbox 609 2699 665 2750; x_wconf 86' lang='lat' dir='ltr'>Non</span> <span class='ocrx_word' id='word_1_254' title='bbox 690 2699 795 2748; x_wconf 85' lang='lat' dir='ltr'>omnium</span> <span class='ocrx_word' id='word_1_255' title='bbox 819 2699 930 2765; x_wconf 84' lang='lat' dir='ltr'>personis</span> <span class='ocrx_word' id='word_1_256' title='bbox 955 2699 1054 2761; x_wconf 76' lang='lat' dir='ltr'>dignum</span> <span class='ocrx_word' id='word_1_257' title='bbox 1078 2701 1123 2748; x_wconf 88' lang='lat' dir='ltr'>hoc</span> <span class='ocrx_word' id='word_1_258' title='bbox 1146 2699 1262 2749; x_wconf 84' lang='lat' dir='ltr'>carminis</span> <span class='ocrx_word' id='word_1_259' title='bbox 1286 2713 1378 2762; x_wconf 78' lang='lat' dir='ltr'>geuus3</span> 
     </span>
     <span class='ocr_line' id='line_1_30' title="bbox 194 2767 1379 2833; baseline 0.001 -17"><span class='ocrx_word' id='word_1_260' title='bbox 194 2767 277 2830; x_wconf 87' lang='lat' dir='ltr'>itaque</span> <span class='ocrx_word' id='word_1_261' title='bbox 290 2767 316 2815; x_wconf 91' lang='lat' dir='ltr'>-si</span> <span class='ocrx_word' id='word_1_262' title='bbox 335 2773 403 2820; x_wconf 86' lang='lat' dir='ltr'>tanto</span> <span class='ocrx_word' id='word_1_263' title='bbox 423 2767 517 2816; x_wconf 91' lang='lat' dir='ltr'>nomiae</span> <span class='ocrx_word' id='word_1_264' title='bbox 534 2767 714 2816; x_wconf 88' lang='lat' dir='ltr'>inscribendam</span> <span class='ocrx_word' id='word_1_265' title='bbox 733 2774 772 2818; x_wconf 88' lang='lat' dir='ltr'>est</span> <span class='ocrx_word' id='word_1_266' title='bbox 787 2767 908 2817; x_wconf 86' lang='lat' dir='ltr'>eiusmodi</span> <span class='ocrx_word' id='word_1_267' title='bbox 923 2782 1029 2830; x_wconf 84' lang='lat' dir='ltr'>carmen,</span> <span class='ocrx_word' id='word_1_268' title='bbox 1048 2768 1080 2818; x_wconf 89' lang='lat' dir='ltr'>sit</span> <span class='ocrx_word' id='word_1_269' title='bbox 1092 2769 1138 2818; x_wconf 90' lang='lat' dir='ltr'>hoc</span> <span class='ocrx_word' id='word_1_270' title='bbox 1150 2768 1186 2816; x_wconf 89' lang='lat' dir='ltr'>ita</span> <span class='ocrx_word' id='word_1_271' title='bbox 1197 2774 1379 2833; x_wconf 84' lang='lat' dir='ltr'>comparatum,</span> 
     </span>
     <span class='ocr_line' id='line_1_31' title="bbox 194 2834 1378 2899; baseline 0 -14"><span class='ocrx_word' id='word_1_272' title='bbox 194 2837 229 2885; x_wconf 88' lang='lat' dir='ltr'>ita</span> <span class='ocrx_word' id='word_1_273' title='bbox 248 2851 277 2886; x_wconf 90' lang='lat' dir='ltr'>sa</span> <span class='ocrx_word' id='word_1_274' title='bbox 296 2849 324 2883; x_wconf 90' lang='lat' dir='ltr'>ra</span> <span class='ocrx_word' id='word_1_275' title='bbox 342 2835 471 2897; x_wconf 80' lang='lat' dir='ltr'>vulgarem</span> <span class='ocrx_word' id='word_1_276' title='bbox 489 2836 586 2885; x_wconf 89' lang='lat' dir='ltr'>modum</span> <span class='ocrx_word' id='word_1_277' title='bbox 604 2835 707 2894; x_wconf 86' lang='lat' dir='ltr'>elatum,</span> <span class='ocrx_word' id='word_1_278' title='bbox 733 2842 762 2885; x_wconf 91' lang='lat' dir='ltr'>ut</span> <span class='ocrx_word' id='word_1_279' title='bbox 779 2851 809 2885; x_wconf 92' lang='lat' dir='ltr'>ne</span> <span class='ocrx_word' id='word_1_280' title='bbox 825 2837 943 2886; x_wconf 85' lang='lat' dir='ltr'>dedeceat</span> <span class='ocrx_word' id='word_1_281' title='bbox 960 2836 1009 2886; x_wconf 87' lang='lat' dir='ltr'>viri</span> <span class='ocrx_word' id='word_1_282' title='bbox 1027 2837 1127 2898; x_wconf 84' lang='lat' dir='ltr'>aurumi,</span> <span class='ocrx_word' id='word_1_283' title='bbox 1151 2836 1273 2899; x_wconf 89' lang='lat' dir='ltr'>consulis,</span> <span class='ocrx_word' id='word_1_284' title='bbox 1297 2834 1378 2898; x_wconf 79' lang='lat' dir='ltr'>digni-</span> 
     </span>
     <span class='ocr_line' id='line_1_32' title="bbox 194 2898 1380 2971; baseline -0.001 -18"><span class='ocrx_word' id='word_1_285' title='bbox 194 2911 278 2953; x_wconf 83' lang='lat' dir='ltr'>tatem.</span> <span class='ocrx_word' id='word_1_286' title='bbox 325 2898 350 2952; x_wconf 87' lang='lat'>4.</span> <span class='ocrx_word' id='word_1_287' title='bbox 372 2901 420 2956; x_wconf 79' lang='lat' dir='ltr'>lla.</span> <span class='ocrx_word' id='word_1_288' title='bbox 440 2901 507 2969; x_wconf 72' lang='lat' dir='ltr'>Cym.</span> <span class='ocrx_word' id='word_1_289' title='bbox 528 2919 608 2954; x_wconf 74' lang='lat' dir='ltr'>carrae.</span> <span class='ocrx_word' id='word_1_290' title='bbox 627 2909 716 2954; x_wconf 84' lang='lat' dir='ltr'>aetus:</span> <span class='ocrx_word' id='word_1_291' title='bbox 742 2904 839 2971; x_wconf 79' lang='lat' dir='ltr'>Sihplla</span> <span class='ocrx_word' id='word_1_292' title='bbox 858 2904 966 2954; x_wconf 86' lang='lat' dir='ltr'>Cumana</span> <span class='ocrx_word' id='word_1_293' title='bbox 986 2904 1135 2954; x_wconf 86' lang='lat' dir='ltr'>carminibus</span> <span class='ocrx_word' id='word_1_294' title='bbox 1152 2905 1204 2954; x_wconf 90' lang='lat' dir='ltr'>suis</span> <span class='ocrx_word' id='word_1_295' title='bbox 1223 2904 1380 2954; x_wconf 84' lang='lat' dir='ltr'>discreverat</span> 
     </span>
     <span class='ocr_line' id='line_1_33' title="bbox 195 2971 1379 3038; baseline 0.001 -17"><span class='ocrx_word' id='word_1_296' title='bbox 195 2974 276 3022; x_wconf 88' lang='lat' dir='ltr'>decem</span> <span class='ocrx_word' id='word_1_297' title='bbox 295 2971 393 3022; x_wconf 83' lang='lat' dir='ltr'>saecula</span> <span class='ocrx_word' id='word_1_298' title='bbox 412 2971 465 3021; x_wconf 92' lang='lat' dir='ltr'>sive</span> <span class='ocrx_word' id='word_1_299' title='bbox 484 2977 578 3022; x_wconf 89' lang='lat' dir='ltr'>aetates</span> <span class='ocrx_word' id='word_1_300' title='bbox 597 2972 691 3035; x_wconf 79' lang='lat' dir='ltr'>generis</span> <span class='ocrx_word' id='word_1_301' title='bbox 711 2972 822 3035; x_wconf 71' lang='lat' dir='ltr'>humani,</span> <span class='ocrx_word' id='word_1_302' title='bbox 850 2988 880 3023; x_wconf 88' lang='lat' dir='ltr'>ea</span> <span class='ocrx_word' id='word_1_303' title='bbox 899 2973 998 3023; x_wconf 90' lang='lat' dir='ltr'>saecula</span> <span class='ocrx_word' id='word_1_304' title='bbox 1015 2972 1104 3038; x_wconf 88' lang='lat' dir='ltr'>impari</span> <span class='ocrx_word' id='word_1_305' title='bbox 1123 2980 1195 3023; x_wconf 87' lang='lat' dir='ltr'>crant</span> <span class='ocrx_word' id='word_1_306' title='bbox 1212 2973 1308 3038; x_wconf 88' lang='lat' dir='ltr'>spatia,</span> <span class='ocrx_word' id='word_1_307' title='bbox 1326 2973 1379 3022; x_wconf 89' lang='lat' dir='ltr'>alia</span> 
     </span>
     <span class='ocr_line' id='line_1_34' title="bbox 194 3039 1377 3107; baseline -0.001 -17"><span class='ocrx_word' id='word_1_308' title='bbox 194 3040 316 3103; x_wconf 82' lang='lat' dir='ltr'>longiora,</span> <span class='ocrx_word' id='word_1_309' title='bbox 336 3040 386 3089; x_wconf 89' lang='lat' dir='ltr'>ulia</span> <span class='ocrx_word' id='word_1_310' title='bbox 404 3039 527 3090; x_wconf 86' lang='lat' dir='ltr'>breviora.</span> <span class='ocrx_word' id='word_1_311' title='bbox 563 3039 600 3090; x_wconf 80' lang='lat' dir='ltr'>Ilo</span> <span class='ocrx_word' id='word_1_312' title='bbox 618 3041 680 3107; x_wconf 91' lang='lat' dir='ltr'>ipso,</span> <span class='ocrx_word' id='word_1_313' title='bbox 700 3056 747 3107; x_wconf 89' lang='lat' dir='ltr'>quo</span> <span class='ocrx_word' id='word_1_314' title='bbox 767 3043 826 3091; x_wconf 89' lang='lat' dir='ltr'>haee</span> <span class='ocrx_word' id='word_1_315' title='bbox 843 3041 968 3091; x_wconf 88' lang='lat' dir='ltr'>scribebat</span> <span class='ocrx_word' id='word_1_316' title='bbox 982 3041 1111 3104; x_wconf 76' lang='lat' dir='ltr'>Virgilius,</span> <span class='ocrx_word' id='word_1_317' title='bbox 1129 3048 1240 3106; x_wconf 83' lang='lat' dir='ltr'>tempore</span> <span class='ocrx_word' id='word_1_318' title='bbox 1256 3041 1377 3092; x_wconf 87' lang='lat' dir='ltr'>decimum</span> 
     </span>
     <span class='ocr_line' id='line_1_35' title="bbox 126 3107 1378 3180; baseline -0.001 -22"><span class='ocrx_word' id='word_1_319' title='bbox 126 3165 130 3180; x_wconf 39' lang='grc' dir='ltr'><strong><em>Ι</em></strong></span> <span class='ocrx_word' id='word_1_320' title='bbox 195 3110 235 3171; x_wconf 81' lang='lat' dir='ltr'>agi</span> <span class='ocrx_word' id='word_1_321' title='bbox 254 3109 397 3173; x_wconf 90' lang='lat' dir='ltr'>putabatur,</span> <span class='ocrx_word' id='word_1_322' title='bbox 416 3116 441 3158; x_wconf 92' lang='lat' dir='ltr'>ct</span> <span class='ocrx_word' id='word_1_323' title='bbox 452 3107 581 3159; x_wconf 84' lang='lat' dir='ltr'>Vulcatius</span> <span class='ocrx_word' id='word_1_324' title='bbox 599 3109 724 3175; x_wconf 78' lang='lat' dir='ltr'>haruspex</span> <span class='ocrx_word' id='word_1_325' title='bbox 743 3124 805 3159; x_wconf 92' lang='lat' dir='ltr'>anno</span> <span class='ocrx_word' id='word_1_326' title='bbox 819 3107 869 3160; x_wconf 95' lang='grc'>710</span> <span class='ocrx_word' id='word_1_327' title='bbox 881 3111 980 3159; x_wconf 80' lang='lat' dir='ltr'>dixerat</span> <span class='ocrx_word' id='word_1_328' title='bbox 992 3111 1080 3159; x_wconf 89' lang='lat' dir='ltr'>adesse</span> <span class='ocrx_word' id='word_1_329' title='bbox 1091 3110 1183 3159; x_wconf 78' lang='lat' dir='ltr'>exitum</span> <span class='ocrx_word' id='word_1_330' title='bbox 1198 3109 1262 3171; x_wconf 92' lang='lat' dir='ltr'>noni,</span> <span class='ocrx_word' id='word_1_331' title='bbox 1281 3110 1378 3161; x_wconf 86' lang='lat' dir='ltr'>initium</span> 
     </span>
     <span class='ocr_line' id='line_1_36' title="bbox 195 3176 1377 3243; baseline 0.001 -17"><span class='ocrx_word' id='word_1_332' title='bbox 195 3177 281 3226; x_wconf 90' lang='lat' dir='ltr'>decimi</span> <span class='ocrx_word' id='word_1_333' title='bbox 300 3176 400 3240; x_wconf 86' lang='lat' dir='ltr'>saeculi,</span> <span class='ocrx_word' id='word_1_334' title='bbox 418 3176 457 3226; x_wconf 91' lang='lat' dir='ltr'>cui</span> <span class='ocrx_word' id='word_1_335' title='bbox 475 3191 589 3242; x_wconf 87' lang='lat' dir='ltr'>praeesse</span> <span class='ocrx_word' id='word_1_336' title='bbox 600 3177 688 3243; x_wconf 90' lang='lat' dir='ltr'>Apollo</span> <span class='ocrx_word' id='word_1_337' title='bbox 701 3178 900 3228; x_wconf 78' lang='lat' dir='ltr'>existimabatur.</span> <span class='ocrx_word' id='word_1_338' title='bbox 935 3178 1062 3228; x_wconf 83' lang='lat' dir='ltr'>Eiusmodi</span> <span class='ocrx_word' id='word_1_339' title='bbox 1080 3185 1158 3241; x_wconf 84' lang='lat' dir='ltr'>aetas,</span> <span class='ocrx_word' id='word_1_340' title='bbox 1177 3177 1274 3243; x_wconf 89' lang='lat' dir='ltr'>qualem</span> <span class='ocrx_word' id='word_1_341' title='bbox 1294 3180 1377 3228; x_wconf 89' lang='lat' dir='ltr'>decem</span> 
     </span>
     <span class='ocr_line' id='line_1_37' title="bbox 195 3244 1379 3330; baseline 0.002 -36"><span class='ocrx_word' id='word_1_342' title='bbox 195 3244 300 3295; x_wconf 90' lang='lat' dir='ltr'>saeculis</span> <span class='ocrx_word' id='word_1_343' title='bbox 314 3245 441 3310; x_wconf 88' lang='lat' dir='ltr'>complexa</span> <span class='ocrx_word' id='word_1_344' title='bbox 454 3253 510 3295; x_wconf 87' lang='lat' dir='ltr'>erat</span> <span class='ocrx_word' id='word_1_345' title='bbox 521 3245 625 3330; x_wconf 77' lang='lat' dir='ltr'>Sibpllu,</span> <span class='ocrx_word' id='word_1_346' title='bbox 645 3248 777 3311; x_wconf 83' lang='lat' dir='ltr'>respondet</span> <span class='ocrx_word' id='word_1_347' title='bbox 795 3262 900 3310; x_wconf 75' lang='lat' dir='ltr'>magno</span> <span class='ocrx_word' id='word_1_348' title='bbox 918 3247 955 3296; x_wconf 92' lang='lat' dir='ltr'>illi</span> <span class='ocrx_word' id='word_1_349' title='bbox 972 3261 1043 3310; x_wconf 91' lang='lat' dir='ltr'>auno,</span> <span class='ocrx_word' id='word_1_350' title='bbox 1062 3262 1132 3311; x_wconf 89' lang='lat' dir='ltr'>quem</span> <span class='ocrx_word' id='word_1_351' title='bbox 1151 3252 1294 3296; x_wconf 86' lang='lat' dir='ltr'>statuerant</span> <span class='ocrx_word' id='word_1_352' title='bbox 1305 3246 1379 3296; x_wconf 86' lang='lat' dir='ltr'>Plato</span> 
     </span>
     <span class='ocr_line' id='line_1_38' title="bbox 194 3312 1379 3378; baseline 0.001 -15"><span class='ocrx_word' id='word_1_353' title='bbox 194 3312 272 3378; x_wconf 91' lang='lat' dir='ltr'>etqui</span> <span class='ocrx_word' id='word_1_354' title='bbox 285 3314 347 3362; x_wconf 90' lang='lat' dir='ltr'>hunc</span> <span class='ocrx_word' id='word_1_355' title='bbox 360 3315 532 3377; x_wconf 86' lang='lat' dir='ltr'>sequebantur.</span> <span class='ocrx_word' id='word_1_356' title='bbox 557 3315 652 3363; x_wconf 72' lang='lat' dir='ltr'>Exacto</span> <span class='ocrx_word' id='word_1_357' title='bbox 665 3321 746 3364; x_wconf 87' lang='lat' dir='ltr'>autem</span> <span class='ocrx_word' id='word_1_358' title='bbox 766 3317 811 3365; x_wconf 90' lang='lat' dir='ltr'>hoc</span> <span class='ocrx_word' id='word_1_359' title='bbox 828 3330 917 3378; x_wconf 76' lang='lat' dir='ltr'>niagno</span> <span class='ocrx_word' id='word_1_360' title='bbox 936 3331 998 3364; x_wconf 90' lang='lat' dir='ltr'>anno</span> <span class='ocrx_word' id='word_1_361' title='bbox 1016 3331 1095 3365; x_wconf 87' lang='lat' dir='ltr'>novus</span> <span class='ocrx_word' id='word_1_362' title='bbox 1113 3315 1210 3365; x_wconf 86' lang='lat' dir='ltr'>revolvi</span> <span class='ocrx_word' id='word_1_363' title='bbox 1227 3315 1379 3366; x_wconf 86' lang='lat' dir='ltr'>credebatur</span> 
     </span>
     <span class='ocr_line' id='line_1_39' title="bbox 195 3381 1377 3451; baseline 0 -20"><span class='ocrx_word' id='word_1_364' title='bbox 195 3383 255 3432; x_wconf 89' lang='lat' dir='ltr'>ordo</span> <span class='ocrx_word' id='word_1_365' title='bbox 274 3381 437 3445; x_wconf 89' lang='lat' dir='ltr'>saeculorum,</span> <span class='ocrx_word' id='word_1_366' title='bbox 456 3382 497 3447; x_wconf 92' lang='lat' dir='ltr'>qai</span> <span class='ocrx_word' id='word_1_367' title='bbox 515 3383 571 3431; x_wconf 92' lang='lat' dir='ltr'>item</span> <span class='ocrx_word' id='word_1_368' title='bbox 590 3382 756 3448; x_wconf 72' lang='lat' dir='ltr'>uapristinns</span> <span class='ocrx_word' id='word_1_369' title='bbox 775 3384 892 3450; x_wconf 85' lang='lat' dir='ltr'>inciperet</span> <span class='ocrx_word' id='word_1_370' title='bbox 910 3383 941 3433; x_wconf 91' lang='lat' dir='ltr'>ab</span> <span class='ocrx_word' id='word_1_371' title='bbox 958 3399 1034 3434; x_wconf 90' lang='lat' dir='ltr'>aurea</span> <span class='ocrx_word' id='word_1_372' title='bbox 1046 3381 1153 3451; x_wconf 71' lang='lat' dir='ltr'>aetate}</span> <span class='ocrx_word' id='word_1_373' title='bbox 1179 3381 1204 3433; x_wconf 88' lang='grc'>6.</span> <span class='ocrx_word' id='word_1_374' title='bbox 1222 3381 1281 3433; x_wconf 87' lang='lat' dir='ltr'>lum</span> <span class='ocrx_word' id='word_1_375' title='bbox 1295 3385 1377 3434; x_wconf 83' lang='lat' dir='ltr'>redit:</span> 
     </span>
     <span class='ocr_line' id='line_1_40' title="bbox 194 3450 1379 3517; baseline 0.001 -17"><span class='ocrx_word' id='word_1_376' title='bbox 194 3451 358 3500; x_wconf 87' lang='lat' dir='ltr'>laetabundus</span> <span class='ocrx_word' id='word_1_377' title='bbox 371 3455 444 3516; x_wconf 87' lang='lat' dir='ltr'>pocta</span> <span class='ocrx_word' id='word_1_378' title='bbox 457 3451 537 3500; x_wconf 86' lang='lat' dir='ltr'>animo</span> <span class='ocrx_word' id='word_1_379' title='bbox 551 3451 671 3516; x_wconf 87' lang='lat' dir='ltr'>praecipit</span> <span class='ocrx_word' id='word_1_380' title='bbox 682 3467 736 3500; x_wconf 90' lang='lat' dir='ltr'>eum</span> <span class='ocrx_word' id='word_1_381' title='bbox 750 3453 864 3515; x_wconf 88' lang='lat' dir='ltr'>reditum,</span> <span class='ocrx_word' id='word_1_382' title='bbox 883 3452 923 3517; x_wconf 93' lang='lat' dir='ltr'>qui</span> <span class='ocrx_word' id='word_1_383' title='bbox 941 3459 1052 3502; x_wconf 84' lang='lat' dir='ltr'>exacta</span> <span class='ocrx_word' id='word_1_384' title='bbox 1071 3453 1163 3502; x_wconf 89' lang='lat' dir='ltr'>decima</span> <span class='ocrx_word' id='word_1_385' title='bbox 1182 3458 1264 3501; x_wconf 88' lang='lat' dir='ltr'>aetate</span> <span class='ocrx_word' id='word_1_386' title='bbox 1278 3450 1379 3502; x_wconf 80' lang='lat' dir='ltr'>iuturus</span> 
     </span>
     <span class='ocr_line' id='line_1_41' title="bbox 194 3518 1377 3584; baseline 0.003 -18"><span class='ocrx_word' id='word_1_387' title='bbox 194 3525 257 3580; x_wconf 87' lang='lat' dir='ltr'>crat,</span> <span class='ocrx_word' id='word_1_388' title='bbox 276 3526 401 3583; x_wconf 86' lang='lat' dir='ltr'>turaquum</span> <span class='ocrx_word' id='word_1_389' title='bbox 420 3518 468 3567; x_wconf 91' lang='lat' dir='ltr'>iam</span> <span class='ocrx_word' id='word_1_390' title='bbox 486 3525 647 3584; x_wconf 87' lang='lat' dir='ltr'>praesentem.</span> <span class='ocrx_word' id='word_1_391' title='bbox 669 3547 698 3556; x_wconf 93' lang='lat'>-</span> <span class='ocrx_word' id='word_1_392' title='bbox 717 3519 745 3570; x_wconf 95' lang='lat' dir='ltr'><em>V</em></span> <span class='ocrx_word' id='word_1_393' title='bbox 744 3522 812 3584; x_wconf 73' lang='lat' dir='ltr'>iugo,</span> <span class='ocrx_word' id='word_1_394' title='bbox 830 3520 938 3570; x_wconf 88' lang='lat' dir='ltr'>Astraea</span> <span class='ocrx_word' id='word_1_395' title='bbox 956 3535 976 3569; x_wconf 89' lang='lat' dir='ltr'>s.</span> <span class='ocrx_word' id='word_1_396' title='bbox 994 3520 1105 3583; x_wconf 85' lang='lat' dir='ltr'>lustitia,</span> <span class='ocrx_word' id='word_1_397' title='bbox 1125 3521 1206 3581; x_wconf 82' lang='grc' dir='ltr'><em>Δίκη.</em></span> <span class='ocrx_word' id='word_1_398' title='bbox 1225 3519 1299 3570; x_wconf 81' lang='lat' dir='ltr'>Ovio.</span> <span class='ocrx_word' id='word_1_399' title='bbox 1317 3520 1377 3570; x_wconf 87' lang='lat' dir='ltr'>Met.</span> 
     </span>
     <span class='ocr_line' id='line_1_42' title="bbox 195 3583 1379 3654; baseline 0.003 -18"><span class='ocrx_word' id='word_1_400' title='bbox 195 3583 332 3651; x_wconf 80' lang='lat' dir='ltr'>1,149sq.</span> <span class='ocrx_word' id='word_1_401' title='bbox 351 3585 381 3636; x_wconf 85' lang='lat' dir='ltr'>G.</span> <span class='ocrx_word' id='word_1_402' title='bbox 394 3584 419 3648; x_wconf 90' lang='grc'><strong>2,</strong></span> <span class='ocrx_word' id='word_1_403' title='bbox 432 3583 491 3637; x_wconf 89' lang='grc'>473.</span> <span class='ocrx_word' id='word_1_404' title='bbox 504 3616 537 3624; x_wconf 81' lang='lat'>—</span> <span class='ocrx_word' id='word_1_405' title='bbox 557 3587 666 3637; x_wconf 82' lang='lat' dir='ltr'>redeant</span> <span class='ocrx_word' id='word_1_406' title='bbox 682 3603 727 3653; x_wconf 91' lang='lat' dir='ltr'>pro</span> <span class='ocrx_word' id='word_1_407' title='bbox 747 3591 878 3654; x_wconf 85' lang='lat' dir='ltr'>repetenda</span> <span class='ocrx_word' id='word_1_408' title='bbox 896 3604 924 3638; x_wconf 88' lang='lat' dir='ltr'>co</span> <span class='ocrx_word' id='word_1_409' title='bbox 942 3588 997 3639; x_wconf 89' lang='lat' dir='ltr'>ula:</span> <span class='ocrx_word' id='word_1_410' title='bbox 1018 3594 1044 3639; x_wconf 82' lang='lat' dir='ltr'>et</span> <span class='ocrx_word' id='word_1_411' title='bbox 1061 3589 1088 3640; x_wconf 91' lang='lat' dir='ltr'><em>V</em></span> <span class='ocrx_word' id='word_1_412' title='bbox 1087 3593 1147 3654; x_wconf 76' lang='lat' dir='ltr'>irgo</span> <span class='ocrx_word' id='word_1_413' title='bbox 1164 3593 1190 3638; x_wconf 85' lang='lat' dir='ltr'>et</span> <span class='ocrx_word' id='word_1_414' title='bbox 1200 3587 1256 3639; x_wconf 87' lang='lat' dir='ltr'>Sat.</span> <span class='ocrx_word' id='word_1_415' title='bbox 1275 3604 1379 3654; x_wconf 78' lang='lat' dir='ltr'>regau,-</span> 
     </span>
     <span class='ocr_line' id='line_1_43' title="bbox 194 3651 1376 3723; baseline 0.004 -21"><span class='ocrx_word' id='word_1_416' title='bbox 194 3653 225 3702; x_wconf 88' lang='lat' dir='ltr'>el&#39;.</span> <span class='ocrx_word' id='word_1_417' title='bbox 244 3654 274 3704; x_wconf 89' lang='lat' dir='ltr'>A.</span> <span class='ocrx_word' id='word_1_418' title='bbox 295 3651 318 3717; x_wconf 94' lang='grc'><strong>7,</strong></span> <span class='ocrx_word' id='word_1_419' title='bbox 337 3652 378 3704; x_wconf 82' lang='grc'>75.</span> <span class='ocrx_word' id='word_1_420' title='bbox 396 3652 455 3704; x_wconf 87' lang='grc'>327.</span> <span class='ocrx_word' id='word_1_421' title='bbox 473 3652 497 3715; x_wconf 87' lang='grc'><strong>8,</strong></span> <span class='ocrx_word' id='word_1_422' title='bbox 516 3652 558 3705; x_wconf 88' lang='grc'><strong>91.</strong></span> <span class='ocrx_word' id='word_1_423' title='bbox 577 3652 618 3718; x_wconf 93' lang='grc'>10,</span> <span class='ocrx_word' id='word_1_424' title='bbox 636 3652 695 3706; x_wconf 88' lang='grc'><strong>314.</strong></span> <span class='ocrx_word' id='word_1_425' title='bbox 714 3654 756 3719; x_wconf 93' lang='grc'>11,</span> <span class='ocrx_word' id='word_1_426' title='bbox 775 3654 834 3706; x_wconf 92' lang='grc'>171.</span> <span class='ocrx_word' id='word_1_427' title='bbox 859 3654 900 3720; x_wconf 95' lang='grc'>12,</span> <span class='ocrx_word' id='word_1_428' title='bbox 971 3695 977 3707; x_wconf 89' lang='grc'><strong>.</strong></span> <span class='ocrx_word' id='word_1_429' title='bbox 1002 3653 1376 3723; x_wconf 83' lang='lat' dir='ltr'>Propert.4,10,19„ldem</span> 
     </span>
     <span class='ocr_line' id='line_1_44' title="bbox 194 3722 1376 3794; baseline 0.003 -23"><span class='ocrx_word' id='word_1_430' title='bbox 194 3722 271 3787; x_wconf 85' lang='lat' dir='ltr'>equas</span> <span class='ocrx_word' id='word_1_431' title='bbox 290 3725 316 3772; x_wconf 84' lang='lat' dir='ltr'>et</span> <span class='ocrx_word' id='word_1_432' title='bbox 333 3722 503 3794; x_wconf 32' lang='lat' dir='ltr'>l&#39;rcnisLidem</span> <span class='ocrx_word' id='word_1_433' title='bbox 521 3723 568 3774; x_wconf 88' lang='lat' dir='ltr'>luit</span> <span class='ocrx_word' id='word_1_434' title='bbox 585 3729 658 3789; x_wconf 90' lang='lat' dir='ltr'>aptas</span> <span class='ocrx_word' id='word_1_435' title='bbox 676 3726 796 3788; x_wconf 87' lang='lat' dir='ltr'>aratris,“</span> <span class='ocrx_word' id='word_1_436' title='bbox 815 3725 830 3776; x_wconf 91' lang='lat' dir='ltr'>i.</span> <span class='ocrx_word' id='word_1_437' title='bbox 843 3742 866 3776; x_wconf 88' lang='lat' dir='ltr'>e.</span> <span class='ocrx_word' id='word_1_438' title='bbox 884 3725 951 3776; x_wconf 90' lang='lat' dir='ltr'>ldem</span> <span class='ocrx_word' id='word_1_439' title='bbox 963 3733 1036 3791; x_wconf 89' lang='lat' dir='ltr'>aptas</span> <span class='ocrx_word' id='word_1_440' title='bbox 1054 3731 1080 3776; x_wconf 85' lang='lat' dir='ltr'>et</span> <span class='ocrx_word' id='word_1_441' title='bbox 1097 3725 1172 3775; x_wconf 81' lang='lat' dir='ltr'>frenis</span> <span class='ocrx_word' id='word_1_442' title='bbox 1190 3729 1216 3774; x_wconf 87' lang='lat' dir='ltr'>et</span> <span class='ocrx_word' id='word_1_443' title='bbox 1233 3727 1376 3775; x_wconf 88' lang='lat' dir='ltr'>aratris.—</span> 
     </span>
     <span class='ocr_line' id='line_1_45' title="bbox 195 3788 1376 3859; baseline 0.003 -19"><span class='ocrx_word' id='word_1_444' title='bbox 195 3790 302 3840; x_wconf 89' lang='lat' dir='ltr'>Saturno</span> <span class='ocrx_word' id='word_1_445' title='bbox 315 3791 338 3840; x_wconf 92' lang='lat' dir='ltr'>in</span> <span class='ocrx_word' id='word_1_446' title='bbox 352 3788 425 3842; x_wconf 88' lang='lat' dir='ltr'>ltalia</span> <span class='ocrx_word' id='word_1_447' title='bbox 438 3799 555 3856; x_wconf 80' lang='lat' dir='ltr'>regnante</span> <span class='ocrx_word' id='word_1_448' title='bbox 567 3808 668 3843; x_wconf 88' lang='lat' dir='ltr'>aureum</span> <span class='ocrx_word' id='word_1_449' title='bbox 687 3793 812 3843; x_wconf 88' lang='lat' dir='ltr'>saeculum</span> <span class='ocrx_word' id='word_1_450' title='bbox 831 3794 907 3845; x_wconf 82' lang='lat' dir='ltr'>fnisse</span> <span class='ocrx_word' id='word_1_451' title='bbox 924 3795 1086 3852; x_wconf 87' lang='lat' dir='ltr'>credebatur;</span> <span class='ocrx_word' id='word_1_452' title='bbox 1105 3793 1196 3844; x_wconf 89' lang='lat' dir='ltr'>Tibull.</span> <span class='ocrx_word' id='word_1_453' title='bbox 1210 3792 1234 3855; x_wconf 93' lang='lat'>1,</span> <span class='ocrx_word' id='word_1_454' title='bbox 1244 3789 1314 3855; x_wconf 84' lang='lat'><strong>3‚35</strong></span> <span class='ocrx_word' id='word_1_455' title='bbox 1324 3809 1376 3859; x_wconf 87' lang='lat' dir='ltr'>sqq.</span> 
     </span>
     <span class='ocr_line' id='line_1_46' title="bbox 195 3854 1376 3928; baseline 0.003 -20"><span class='ocrx_word' id='word_1_456' title='bbox 195 3856 225 3908; x_wconf 88' lang='lat' dir='ltr'>G.</span> <span class='ocrx_word' id='word_1_457' title='bbox 244 3857 268 3921; x_wconf 93' lang='grc'><strong>2,</strong></span> <span class='ocrx_word' id='word_1_458' title='bbox 287 3854 361 3928; x_wconf 60' lang='grc'><strong>5381</strong></span> <span class='ocrx_word' id='word_1_459' title='bbox 390 3855 414 3909; x_wconf 88' lang='grc'>7.</span> <span class='ocrx_word' id='word_1_460' title='bbox 433 3876 521 3910; x_wconf 87' lang='lat' dir='ltr'>novam</span> <span class='ocrx_word' id='word_1_461' title='bbox 541 3868 566 3910; x_wconf 89' lang='lat' dir='ltr'>ct</span> <span class='ocrx_word' id='word_1_462' title='bbox 582 3861 669 3926; x_wconf 75' lang='lat' dir='ltr'>laelius</span> <span class='ocrx_word' id='word_1_463' title='bbox 689 3862 810 3911; x_wconf 89' lang='lat' dir='ltr'>hominum</span> <span class='ocrx_word' id='word_1_464' title='bbox 829 3878 906 3926; x_wconf 78' lang='lat' dir='ltr'>genus</span> <span class='ocrx_word' id='word_1_465' title='bbox 925 3864 1025 3913; x_wconf 86' lang='lat' dir='ltr'>deornm</span> <span class='ocrx_word' id='word_1_466' title='bbox 1044 3863 1158 3912; x_wconf 85' lang='lat' dir='ltr'>beneficio</span> <span class='ocrx_word' id='word_1_467' title='bbox 1176 3862 1275 3925; x_wconf 76' lang='lat' dir='ltr'>existet,</span> <span class='ocrx_word' id='word_1_468' title='bbox 1294 3879 1319 3911; x_wconf 94' lang='lat' dir='ltr'>v.</span> <span class='ocrx_word' id='word_1_469' title='bbox 1338 3879 1376 3911; x_wconf 87' lang='lat' dir='ltr'>vs.</span> 
     </span>
     <span class='ocr_line' id='line_1_47' title="bbox 195 3923 1377 3996; baseline 0.003 -20"><span class='ocrx_word' id='word_1_470' title='bbox 195 3924 234 3993; x_wconf 77' lang='grc'><strong>91</strong></span> <span class='ocrx_word' id='word_1_471' title='bbox 261 3923 286 3976; x_wconf 91' lang='grc'>8.</span> <span class='ocrx_word' id='word_1_472' title='bbox 302 3943 389 3994; x_wconf 75' lang='lat' dir='ltr'>patero,</span> <span class='ocrx_word' id='word_1_473' title='bbox 408 3925 494 3992; x_wconf 86' lang='lat' dir='ltr'>Gallo,</span> <span class='ocrx_word' id='word_1_474' title='bbox 512 3929 589 3980; x_wconf 90' lang='lat' dir='ltr'>Asinii</span> <span class='ocrx_word' id='word_1_475' title='bbox 608 3929 665 3979; x_wconf 85' lang='lat' dir='ltr'>lilio.</span> <span class='ocrx_word' id='word_1_476' title='bbox 683 3958 717 3965; x_wconf 95' lang='lat'><em>-</em></span> <span class='ocrx_word' id='word_1_477' title='bbox 736 3945 786 3995; x_wconf 85' lang='lat' dir='ltr'>quo</span> <span class='ocrx_word' id='word_1_478' title='bbox 797 3930 826 3994; x_wconf 79' lang='lat' dir='ltr'>s.</span> <span class='ocrx_word' id='word_1_479' title='bbox 843 3946 867 3996; x_wconf 89' lang='lat' dir='ltr'>p.</span> <span class='ocrx_word' id='word_1_480' title='bbox 886 3931 953 3992; x_wconf 72' lang='lat' dir='ltr'>dos,</span> <span class='ocrx_word' id='word_1_481' title='bbox 978 3931 1047 3981; x_wconf 89' lang='lat' dir='ltr'>cuius</span> <span class='ocrx_word' id='word_1_482' title='bbox 1066 3938 1122 3981; x_wconf 89' lang='lat' dir='ltr'>ortu</span> <span class='ocrx_word' id='word_1_483' title='bbox 1140 3930 1288 3981; x_wconf 84' lang='lat' dir='ltr'>terminatur</span> <span class='ocrx_word' id='word_1_484' title='bbox 1306 3938 1377 3980; x_wconf 86' lang='lat' dir='ltr'>aetas</span> 
     </span>
     <span class='ocr_line' id='line_1_48' title="bbox 196 3992 1380 4064; baseline 0.003 -20"><span class='ocrx_word' id='word_1_485' title='bbox 196 3993 299 4063; x_wconf 73' lang='lat' dir='ltr'>serrem}</span> <span class='ocrx_word' id='word_1_486' title='bbox 326 3992 350 4044; x_wconf 84' lang='lat'>9.</span> <span class='ocrx_word' id='word_1_487' title='bbox 369 4011 436 4061; x_wconf 71' lang='lat' dir='ltr'>gens</span> <span class='ocrx_word' id='word_1_488' title='bbox 455 4013 547 4062; x_wconf 83' lang='lat' dir='ltr'>aurea,</span> <span class='ocrx_word' id='word_1_489' title='bbox 566 3998 615 4048; x_wconf 87' lang='lat' dir='ltr'>Cic.</span> <span class='ocrx_word' id='word_1_490' title='bbox 635 3999 665 4046; x_wconf 94' lang='lat' dir='ltr'>de</span> <span class='ocrx_word' id='word_1_491' title='bbox 683 3997 743 4048; x_wconf 87' lang='lat' dir='ltr'>Nat.</span> <span class='ocrx_word' id='word_1_492' title='bbox 762 3998 835 4049; x_wconf 76' lang='lat' dir='ltr'>licor.</span> <span class='ocrx_word' id='word_1_493' title='bbox 854 3997 879 4062; x_wconf 84' lang='lat'>2,</span> <span class='ocrx_word' id='word_1_494' title='bbox 898 3996 932 4049; x_wconf 80' lang='lat'>63</span> <span class='ocrx_word' id='word_1_495' title='bbox 950 4000 998 4063; x_wconf 88' lang='lat' dir='ltr'>„ab</span> <span class='ocrx_word' id='word_1_496' title='bbox 1017 3999 1059 4049; x_wconf 90' lang='lat' dir='ltr'>illo</span> <span class='ocrx_word' id='word_1_497' title='bbox 1079 4014 1179 4050; x_wconf 81' lang='lat' dir='ltr'>aureo</span> <span class='ocrx_word' id='word_1_498' title='bbox 1197 4015 1332 4064; x_wconf 74' lang='lat' dir='ltr'>genere,</span> <span class='ocrx_word' id='word_1_499' title='bbox 1351 4007 1380 4049; x_wconf 91' lang='lat' dir='ltr'>ut</span> 
     </span>
     <span class='ocr_line' id='line_1_49' title="bbox 194 4057 1374 4135; baseline 0.003 -22"><span class='ocrx_word' id='word_1_500' title='bbox 194 4071 281 4130; x_wconf 88' lang='lat' dir='ltr'>poetae</span> <span class='ocrx_word' id='word_1_501' title='bbox 299 4064 458 4128; x_wconf 85' lang='lat' dir='ltr'>loquuntur.“</span> <span class='ocrx_word' id='word_1_502' title='bbox 477 4066 574 4116; x_wconf 89' lang='lat' dir='ltr'>Hesiod.</span> <span class='ocrx_word' id='word_1_503' title='bbox 589 4057 664 4132; x_wconf 78' lang='lat' dir='ltr'>&#39;‘Epy.</span> <span class='ocrx_word' id='word_1_504' title='bbox 683 4081 721 4116; x_wconf 89' lang='lat' dir='ltr'>vs.</span> <span class='ocrx_word' id='word_1_505' title='bbox 742 4062 792 4116; x_wconf 82' lang='lat'>109</span> <span class='ocrx_word' id='word_1_506' title='bbox 806 4058 933 4132; x_wconf 82' lang='grc' dir='ltr'><strong><em>χρύσεον</em></strong></span> <span class='ocrx_word' id='word_1_507' title='bbox 950 4068 1033 4132; x_wconf 78' lang='grc' dir='ltr'><em>γένος</em></span> <span class='ocrx_word' id='word_1_508' title='bbox 1050 4059 1187 4135; x_wconf 77' lang='grc' dir='ltr'><em>μερόπων</em></span> <span class='ocrx_word' id='word_1_509' title='bbox 1204 4058 1374 4133; x_wconf 71' lang='grc' dir='ltr'><strong>ἀνθρώπων.</strong></span> 
     </span>
     <span class='ocr_line' id='line_1_50' title="bbox 196 4124 1378 4202; baseline 0.003 -21"><span class='ocrx_word' id='word_1_510' title='bbox 196 4131 301 4182; x_wconf 81' lang='lat' dir='ltr'>Theocr.</span> <span class='ocrx_word' id='word_1_511' title='bbox 322 4131 363 4195; x_wconf 91' lang='grc'>12,</span> <span class='ocrx_word' id='word_1_512' title='bbox 382 4129 415 4182; x_wconf 82' lang='lat' dir='ltr'>lb</span> <span class='ocrx_word' id='word_1_513' title='bbox 436 4124 568 4201; x_wconf 76' lang='grc' dir='ltr'><strong><em>χρύσειοι</em></strong></span> <span class='ocrx_word' id='word_1_514' title='bbox 585 4127 694 4200; x_wconf 71' lang='grc' dir='ltr'>ἄνδρες.</span> <span class='ocrx_word' id='word_1_515' title='bbox 722 4132 753 4184; x_wconf 84' lang='lat' dir='ltr'>cl.</span> <span class='ocrx_word' id='word_1_516' title='bbox 772 4132 802 4183; x_wconf 88' lang='lat' dir='ltr'>G.</span> <span class='ocrx_word' id='word_1_517' title='bbox 820 4132 846 4198; x_wconf 91' lang='grc'>2,</span> <span class='ocrx_word' id='word_1_518' title='bbox 864 4131 923 4187; x_wconf 83' lang='lat'>538.</span> <span class='ocrx_word' id='word_1_519' title='bbox 947 4163 978 4173; x_wconf 88' lang='lat'><em>-</em></span> <span class='ocrx_word' id='word_1_520' title='bbox 1004 4137 1112 4198; x_wconf 86' lang='lat' dir='ltr'>mundo,</span> <span class='ocrx_word' id='word_1_521' title='bbox 1138 4132 1378 4202; x_wconf 75' lang='lat' dir='ltr'>orheterrarum.1</span> 
     </span>
     <span class='ocr_line' id='line_1_51' title="bbox 195 4197 1376 4272; baseline 0.003 -23"><span class='ocrx_word' id='word_1_522' title='bbox 195 4197 236 4250; x_wconf 88' lang='lat'>10.</span> <span class='ocrx_word' id='word_1_523' title='bbox 256 4199 363 4262; x_wconf 81' lang='lat' dir='ltr'>Lucina,</span> <span class='ocrx_word' id='word_1_524' title='bbox 382 4201 470 4268; x_wconf 90' lang='lat' dir='ltr'>qnippe</span> <span class='ocrx_word' id='word_1_525' title='bbox 487 4217 550 4268; x_wconf 90' lang='lat' dir='ltr'>quae</span> <span class='ocrx_word' id='word_1_526' title='bbox 564 4203 720 4254; x_wconf 88' lang='lat' dir='ltr'>nascentibus</span> <span class='ocrx_word' id='word_1_527' title='bbox 732 4203 821 4252; x_wconf 88' lang='lat' dir='ltr'>adesse</span> <span class='ocrx_word' id='word_1_528' title='bbox 832 4210 964 4270; x_wconf 85' lang='lat' dir='ltr'>putaretur</span> <span class='ocrx_word' id='word_1_529' title='bbox 969 4219 976 4269; x_wconf 76' lang='lat'><em>3</em></span> <span class='ocrx_word' id='word_1_530' title='bbox 995 4205 1080 4254; x_wconf 90' lang='lat' dir='ltr'>eadem</span> <span class='ocrx_word' id='word_1_531' title='bbox 1092 4205 1195 4265; x_wconf 85' lang='lat' dir='ltr'>credita,</span> <span class='ocrx_word' id='word_1_532' title='bbox 1213 4219 1276 4272; x_wconf 89' lang='lat' dir='ltr'>qnae</span> <span class='ocrx_word' id='word_1_533' title='bbox 1288 4204 1376 4265; x_wconf 85' lang='lat' dir='ltr'>Diana,</span> 
     </span>
     <span class='ocr_line' id='line_1_52' title="bbox 196 4268 1377 4338; baseline 0.003 -20"><span class='ocrx_word' id='word_1_534' title='bbox 196 4284 268 4319; x_wconf 85' lang='lat' dir='ltr'>sorar</span> <span class='ocrx_word' id='word_1_535' title='bbox 285 4269 416 4336; x_wconf 89' lang='lat' dir='ltr'>Apollinis;</span> <span class='ocrx_word' id='word_1_536' title='bbox 443 4270 497 4320; x_wconf 91' lang='lat' dir='ltr'>hinc</span> <span class='ocrx_word' id='word_1_537' title='bbox 515 4273 590 4334; x_wconf 81' lang='lat' dir='ltr'>tuus,</span> <span class='ocrx_word' id='word_1_538' title='bbox 608 4268 694 4322; x_wconf 84' lang='lat' dir='ltr'>irater.</span> <span class='ocrx_word' id='word_1_539' title='bbox 730 4270 846 4321; x_wconf 84' lang='lat' dir='ltr'>Servius:</span> <span class='ocrx_word' id='word_1_540' title='bbox 870 4270 1005 4336; x_wconf 89' lang='lat' dir='ltr'>„Ultimum</span> <span class='ocrx_word' id='word_1_541' title='bbox 1023 4274 1148 4324; x_wconf 88' lang='lat' dir='ltr'>saeculum</span> <span class='ocrx_word' id='word_1_542' title='bbox 1166 4272 1287 4337; x_wconf 85' lang='lat' dir='ltr'>ostendit,</span> <span class='ocrx_word' id='word_1_543' title='bbox 1312 4273 1377 4338; x_wconf 89' lang='lat' dir='ltr'>qaod</span> 
     </span>
     <span class='ocr_line' id='line_1_53' title="bbox 195 4337 1376 4412; baseline 0.003 -26"><span class='ocrx_word' id='word_1_544' title='bbox 195 4337 293 4406; x_wconf 75' lang='lat' dir='ltr'>Sibylla</span> <span class='ocrx_word' id='word_1_545' title='bbox 310 4337 375 4388; x_wconf 91' lang='lat' dir='ltr'>Solis</span> <span class='ocrx_word' id='word_1_546' title='bbox 393 4351 449 4388; x_wconf 86' lang='lat' dir='ltr'>esse</span> <span class='ocrx_word' id='word_1_547' title='bbox 465 4339 637 4390; x_wconf 87' lang='lat' dir='ltr'>memoravit.“</span> <span class='ocrx_word' id='word_1_548' title='bbox 671 4338 821 4412; x_wconf 21' lang='lat' dir='ltr'>Discere-tam—</span> <span class='ocrx_word' id='word_1_549' title='bbox 836 4347 919 4410; x_wconf 73' lang='lat' dir='ltr'>samm</span> <span class='ocrx_word' id='word_1_550' title='bbox 936 4341 1006 4407; x_wconf 89' lang='lat' dir='ltr'>prias</span> <span class='ocrx_word' id='word_1_551' title='bbox 1024 4341 1090 4391; x_wconf 86' lang='lat' dir='ltr'>Solis</span> <span class='ocrx_word' id='word_1_552' title='bbox 1108 4349 1133 4392; x_wconf 89' lang='lat' dir='ltr'>et</span> <span class='ocrx_word' id='word_1_553' title='bbox 1149 4339 1271 4407; x_wconf 83' lang='lat' dir='ltr'>Apollinis</span> <span class='ocrx_word' id='word_1_554' title='bbox 1288 4355 1376 4392; x_wconf 87' lang='lat' dir='ltr'>namen</span> 
     </span>
    </p>
   </div>
   <div class='ocr_carea' id='block_1_8' title="bbox 0 0 1481 4975">
    <p class='ocr_par' dir='ltr' id='par_1_8' title="bbox 0 0 1481 4975">
     <span class='ocr_line' id='line_1_54' title="bbox 0 0 1481 4975; baseline 0 0"><span class='ocrx_word' id='word_1_555' title='bbox 0 0 1481 4975; x_wconf 95' lang='lat' dir='ltr'> </span> 
     </span>
    </p>
   </div>
   <div class='ocr_carea' id='block_1_9' title="bbox 812 4840 991 4950">
    <p class='ocr_par' dir='ltr' id='par_1_9' title="bbox 812 4840 991 4950">
     <span class='ocr_line' id='line_1_55' title="bbox 812 4840 991 4950; baseline 0.011 -1"><span class='ocrx_word' id='word_1_556' title='bbox 812 4840 991 4950; x_wconf 50' lang='lat' dir='ltr'>„j</span> 
     </span>
    </p>
   </div>
  </div>
 </body>
</html>
