2942 4975
615 324 648 389 P.
670 322 837 389 VIRGILI
856 320 1048 389 Maeonis

418 622 568 741 GE
616 622 667 736 Ο
714 622 773 739 R
822 619 876 738 G
923 620 951 737 Ι
999 621 1044 739 C
1091 623 1143 737 O
1190 624 1246 741 N

594 818 771 903 urana
800 816 1066 903 Taurios.

326 1109 372 1173 Te
395 1124 535 1189 quoque,
557 1123 672 1186 magna
693 1104 802 1184 Pales,
826 1110 859 1170 et
881 1110 915 1169 te
937 1106 1141 1169 memorande
1164 1124 1317 1173 canemus

325 1194 441 1258 Pastor
464 1191 503 1256 ab
525 1189 718 1273 Amphryso,
740 1209 809 1268 voe,
832 1190 931 1255 silvae
953 1208 1126 1272 amnesque
1147 1192 1276 1273 Lycaei.

312 1278 455 1356 Cetera,
478 1294 559 1358 quae
581 1294 696 1341 vacuas
719 1276 901 1340 tenuissent
923 1276 1064 1341 carmina
1084 1280 1218 1357 mentes,

327 1362 443 1429 Omnia
464 1361 527 1426 iam
548 1361 692 1443 volgata:
715 1360 786 1441 quis
809 1366 865 1425 aut
885 1362 1064 1442 Eurysthea
1084 1362 1208 1440 durum,

283 1449 304 1515 5
325 1450 391 1515 Aut
411 1447 567 1515 inlaudati
588 1447 693 1511 nescit
713 1444 869 1511 Busiridis
892 1446 984 1511 aras?

327 1533 386 1599 Oui
406 1552 471 1599 non
494 1532 597 1597 dictus
620 1531 719 1613 Hylas
741 1550 822 1613 puer
845 1536 879 1596 et
898 1531 1036 1596 Latonia
1056 1531 1163 1609 Delos,

325 1619 589 1702 Hippodameque
611 1617 808 1698 humeroque
829 1616 947 1698 Pelops
967 1616 1100 1698 insignis
1122 1616 1254 1697 eburno,

325 1705 410 1771 Acer
432 1702 542 1785 equis?
580 1702 782 1783 Temptanda
801 1702 854 1767 via
875 1707 938 1780 est,
961 1720 1025 1783 qua
1044 1720 1096 1766 me
1118 1720 1246 1785 quoque
1268 1706 1386 1787 possim

327 1789 454 1854 Tollere
476 1789 572 1853 humo
594 1787 761 1868 victorque
782 1788 887 1853 virum
908 1786 1049 1852 volitare
1064 1805 1123 1868 per
1146 1806 1210 1853 ora

264 1874 304 1939 10
324 1874 451 1939 Primus
474 1892 532 1955 ego
554 1872 588 1937 in
610 1871 746 1955 patriam
768 1891 905 1953 meeum,
928 1873 1022 1937 modo
1043 1872 1110 1937 vita
1132 1873 1281 1955 supersit,

227 2058 229 2065 ,
308 2031 375 2078 Lite.
392 2032 454 2078 m.
489 2026 624 2077 Exordium
650 2026 766 2075 carminis
783 2040 822 2075 vs.
841 2022 934 2077 1-48.
969 2028 1050 2076 Poeta
1067 2026 1099 2075 de
1115 2042 1146 2076 re
1159 2029 1293 2092 pecuareu
1311 2044 1342 2077 ee
1357 2032 1417 2079 reri·

236 2102 349 2165 pturum
362 2096 513 2164 profitetur,
531 2110 568 2144 cs.
587 2092 666 2158 1-2;
691 2094 747 2144 ulia
765 2095 933 2159 hrgunwntu,
957 2097 1052 2160 quitus
1069 2097 1128 2159 quis
1146 2097 1301 2146 tractanda
1318 2096 1416 2148 laudem

237 2168 322 2232 poerit
339 2168 465 2230 consequi,
488 2164 520 2214 ah
538 2163 599 2214 aliie
616 2167 742 2231 occreputu
759 2179 825 2219 esre,
843 2166 910 2214 tritu
928 2166 983 2213 tum
998 2168 1025 2213 et
1042 2163 1180 2228 uulgaria,
1201 2179 1239 2213 or.
1257 2160 1342 2230 3-8,
1366 2182 1417 2216 rem

240 2251 270 2283 se
287 2236 404 2284 camnine
419 2231 602 2300 explicandam
619 2234 771 2298 sumpsisse,
794 2248 878 2297 quum
901 2231 989 2282 nulius
1014 2237 1076 2281 ante
1092 2234 1178 2297 ipsum
1192 2236 1270 2297 poeta
1288 2237 1417 2298 attigerit,

238 2317 276 2352 cs.
293 2299 362 2352 8-9
380 2300 479 2369 (nempe
495 2308 525 2351 ut
541 2300 605 2350 libro
623 2298 634 2349 l
653 2308 678 2351 et
695 2300 717 2351 ll
735 2298 847 2351 Graecos
865 2307 964 2367 poetas,
988 2302 1029 2365 qui
1047 2301 1079 2349 de
1095 2299 1145 2349 illis
1163 2300 1239 2350 rehus
1257 2302 1418 2367 scripserunt,

239 2372 314 2435 longo
331 2371 462 2421 intervallo
481 2377 537 2436 post
554 2384 582 2419 se
599 2369 705 2435 reliquit,
723 2370 761 2420 ita
779 2370 842 2419 libro
860 2368 894 2419 ΙΙΙ
908 2376 933 2420 et
944 2367 979 2419 lV
996 2374 1143 2432 ammenta
1154 2374 1252 2420 tractat
1263 2368 1298 2419 ah
1310 2372 1418 2420 omnihus

240 2440 318 2508 poetis
331 2440 457 2502 derelicta,
475 2441 539 2490 uude
550 2438 703 2505 intelligitur,
722 2453 799 2505 quare
818 2439 865 2488 hoc
881 2438 976 2489 demum
994 2438 1048 2488 loco
1066 2450 1128 2487 suae
1144 2436 1199 2503 ipse
1210 2437 1302 2488 virtuti
1312 2440 1418 2503 gloriae

240 2523 288 2574 que
310 2507 421 2576 iaveat);
443 2508 559 2574 gloriam
577 2509 714 2559 Musarum
738 2509 857 2574 denqicio
879 2509 931 2557 siti
948 2509 1058 2573 partum
1080 2506 1159 2556 decies
1183 2510 1211 2556 et
1232 2513 1419 2559 munimem

233 2578 300 2643 sore
320 2580 438 2643 putride,
461 2591 497 2626 oe.
517 2573 631 2634 10-123
656 2578 694 2626 idi
716 2592 744 2625 ae
768 2571 880 2626 Camari
895 2575 1034 2626 Octaviano
1053 2573 1156 2640 (quippe
1178 2575 1218 2624 oui
1241 2572 1317 2626 etiam
1342 2577 1419 2642 ipsum

239 2645 366 2695 etiamad
385 2644 539 2694 scribendum
558 2641 661 2710 debeat)
688 2643 762 2694 ludos
780 2643 890 2693 celebrer
907 2643 1080 2708 templumque
1097 2645 1299 2705 insultaturum,
1323 2648 1420 2710 inrugi-

240 2715 319 2764 ue'dus
337 2727 428 2762 rerum
445 2713 477 2762 ut
495 2712 538 2762 illo
554 2715 694 2778 gesturum
721 2714 868 2776 aiutuimue
885 2726 1042 2778 maurorum
1057 2714 1117 2760 eius
1138 2709 1311 2762 Troianorum
1329 2714 1420 2763 conde

241 2784 370 2843 ceratum,
387 2776 546 2830 va13-39.
580 2778 645 2832 Tum
662 2783 764 2830 invocat
776 2779 959 2842 Maecenatem,
977 2783 1145 2830 cuiusdam
1163 2778 1290 2846 Georgica
1308 2785 1421 2832 senten

239 2847 1421 2970 35⁰⁶<th“ttttitt,ttttttttthittttt'tttttfftttttdtc

237 2955 380 3052 promittit,
393 2953 434 3034 'va
446 2980 558 3035 46-48.
567 2981 597 3103 {L
624 2984 648 3036 1,
660 2983 685 3034 2,
704 2984 796 3048 Pales,
804 2985 893 3050 Apollo
906 2985 1008 3035 Nomius
1021 2992 1047 3035 et
1058 2983 1109 3034 Pau
1122 2985 1221 3034 numina
1232 2986 1376 3050 pastoritia.
1387 3015 1421 3024 -

239 3055 313 3104 Part.
326 3055 358 3103 uh
371 3054 489 3120 Ampdr,
507 3054 523 3104 i.
535 3068 557 3104 e.
598 3053 749 3122 mphrysius,
766 3060 794 3103 ut
811 3051 836 3116 2,
849 3049 900 3105 643
918 3068 951 3116 „a
970 3053 1077 3103 iondhus
1094 3054 1200 3115 undae‚“
1218 3053 1234 3103 l.
1247 3069 1268 3103 e.
1290 3053 1420 3113 loannem

240 3127 271 3172 A.
292 3120 315 3184 7,
334 3117 384 3173 647
408 3120 564 3189 „Tyrrhenis
587 3122 618 3171 ah
642 3123 692 3172 oris
710 3121 878 3183 Mezentius;“
904 3121 976 3172 urii.
994 3121 1049 3171 Am.
1068 3118 1093 3182 2,
1111 3118 1136 3183 6,
1154 3120 1168 3170 1
1188 3122 1259 3185 „ales
1276 3123 1310 3171 uh
1329 3122 1421 3185 ludis,“

239 3192 257 3241 i.
276 3206 296 3240 e.
315 3190 409 3252 Indica,
427 3205 453 3240 v.
471 3189 499 3239 ll.
514 3189 537 3252 1,
548 3186 574 3240 8.
591 3218 624 3227 -
643 3191 798 3258 Amphrysus
817 3190 963 3241 Thessaliae
979 3190 1077 3252 iuvius,
1095 3191 1127 3239 ad
1146 3205 1217 3255 quem
1234 3190 1326 3256 Apollo
1346 3192 1421 3242 boves

240 3259 338 3309 Admeti
350 3259 449 3325 pavisse
461 3257 557 3308 dicitur.
570 3287 603 3296 -
621 3259 744 3326 Lycaeus,
762 3275 831 3309 mons
848 3259 978 3321 Arcadiae,
997 3257 1058 3307 Pani
1076 3258 1171 3326 secem!
1205 3254 1230 3308 3.
1249 3272 1314 3320 vac,
1332 3261 1423 3324 quihus

239 3332 316 3379 vacat
333 3327 438 3377 animum
456 3326 488 3377 ad
506 3329 616 3377 carmina
633 3327 736 3390 legenda
761 3324 918 3391 advertere!
952 3324 977 3378 5.
995 3326 1102 3387 Busiris,
1125 3341 1172 3377 rex
1190 3326 1313 3395 Aegypti,
1337 3344 1423 3378 ornnes

238 3398 349 3447 advenas
368 3396 466 3448 solebat
483 3403 605 3458 mactare3
624 3396 750 3445 interemit
765 3411 820 3445 eum
835 3395 952 3446 Hercules
969 3410 1001 3445 ex
1020 3396 1098 3444 hortis
1117 3395 1278 3461 Hesperidum
1299 3396 1424 3467 rediens}

239 3462 264 3515 6.
282 3481 307 3515 v.
326 3465 355 3516 Ε.
374 3461 399 3528 6,
417 3459 475 3529 43.Ι
510 3461 534 3513 7.
553 3463 614 3514 Cum
633 3463 767 3527 Tantalus,
785 3479 830 3513 rex
849 3463 953 3531 Lydiae,
974 3462 1089 3529 Pelopem
1107 3463 1183 3512 lilium
1201 3463 1254 3513 Diis
1271 3465 1424 3530 epulandum

238 3534 408 3600 apposuisset,
432 3531 540 3598 luppiter
562 3534 625 3583 hunc
647 3533 671 3582 ln
689 3532 766 3582 vitam
791 3533 901 3582 restituit
917 3539 942 3582 et
959 3533 1085 3582 humerum
1105 3531 1139 3594 ei,
1164 3546 1181 3580 a
1198 3531 1290 3583 Cerere
1308 3534 1361 3584 ium
1377 3535 1424 3584 ah-

239 3608 376 3666 sumptum,
401 3601 534 3651 eburneum
558 3601 653 3651 tribuit.
689 3600 757 3650 ldem
774 3600 864 3666 Pelops
882 3600 1080 3667 Hippodamiam,
1104 3607 1177 3665 patre
1200 3598 1340 3664 Oenomao,
1366 3619 1425 3666 rege

240 3668 322 3744 Pisae,
340 3670 473 3720 certamine
490 3670 666 3748 quadrigarum
683 3669 759 3730 victo,
776 3685 880 3720 uxorem
898 3685 929 3719 ex
948 3675 1020 3736 pacto
1036 3663 1132 3734 duxit!
1166 3665 1191 3718 8.
1210 3670 1290 3738 Acer.
1304 3687 1353 3736 eq,
1374 3672 1424 3720 irr-

239 3749 335 3788 ποσυν
372 3740 529 3797 remordere,
548 3733 767 3800 tlon.11.4‚303.
799 3737 883 3803 Equos
901 3739 983 3788 alatos
1000 3735 1142 3802 aNeptuno
1154 3734 1237 3802 Pelopi
1250 3738 1327 3788 datos
1346 3739 1425 3790 reiert

239 3803 310 3856 Pind.
329 3754 368 3856 61.
387 3803 533 3871 1‚140sq.,
551 3807 613 3856 alati
628 3807 701 3856 iidem
719 3807 742 3855 in
761 3821 821 3856 arca
840 3806 858 3856 C
879 3807 941 3873 pseli
958 3821 998 3872 ap.
1016 3804 1124 3855 Pausan.
1142 3804 1167 3868 5,
1179 3802 1221 3867 17,
1232 3801 1258 3854 4.
1294 3807 1349 3857 Alii
1367 3810 1424 3858 dolo

240 3874 332 3924 vietum
357 3872 506 3924 Oenomaum
532 3869 658 3942 tradunt!
699 3871 723 3924 9.
743 3877 813 3934 vict,
840 3823 940 3924 effector
965 3873 1084 3940 propositi
1109 3880 1197 3939 parata
1220 3876 1316 3939 egregii
1341 3879 1425 3944 operis

240 3940 315 3991 ieme.
334 3969 369 3977 -
385 3944 433 3990 vir.
451 3941 499 3991 vot
515 3955 541 4008 p.
560 3959 596 4005 o.,
621 3949 719 4008 sumpta
737 3942 828 3993 locutio
846 3945 878 3992 ah
896 3942 951 4005 illo,
976 3943 1040 4007 quod
1063 3947 1102 3991 est
1119 3942 1230 4004 tenuius,
1254 3959 1315 3993 esse
1332 3948 1365 3994 in
1382 3963 1425 3996 ore

239 4012 364 4073 munium,
382 4010 398 4059 i.
417 4025 438 4058 e.
456 4010 489 4059 ah
507 4012 618 4062 omnihus
635 4011 747 4072 laudari,
771 4011 862 4061 Ennius
881 4011 911 4060 de
929 4026 956 4061 se
973 4010 1067 4073 „volito
1086 4009 1154 4060 vivu’
1174 4025 1217 4076 per
1233 4025 1280 4060 ora
1298 4012 1426 4083 virum.“{

241 4077 283 4130 10.
300 4077 432 4138 Primus,
450 4093 497 4128 non
515 4079 687 4142 Romanorum,
706 4079 771 4143 quod
789 4078 920 4144 superbum
938 4085 1017 4140 esset,
1035 4078 1077 4127 sed
1097 4080 1190 4144 primus
1207 4093 1239 4128 ex
1256 4082 1425 4146 popularibus

242 4148 309 4209 meis,
325 4146 342 4196 i.
355 4162 376 4196 e.
389 4145 537 4210 Mantuanis,
556 4147 640 4198 Musas
653 4146 684 4196 ah
697 4146 812 4196 Helicone
824 4147 951 4211 deducam,
969 4149 984 4196 i.
999 4162 1020 4195 e.
1040 4147 1086 4195 huc
1102 4147 1126 4194 in
1144 4146 1251 4212 patriam
1269 4150 1425 4202 transferam

239 4231 258 4265 a
276 4213 378 4266 Graecis
396 4215 493 4265 laudem
511 4216 574 4265 artis
592 4215 713 4282 poetieam
733 4230 759 4264 v.
771 4213 800 4264 u.
813 4211 837 4277 6,
849 4211 891 4264 65.
908 4243 945 4252 —
960 4215 1033 4266 modo
1050 4229 1072 4263 u.
1090 4231 1120 4276 a,
1139 4221 1232 4282 septem
1250 4231 1330 4268 annos
1343 4218 1426 4272 Geor·

241 4284 302 4350 picis
314 4283 460 4350 impendisse
472 4283 604 4347 Virgilium
616 4283 766 4349 accepimus,
784 4298 844 4348 ergo
862 4284 985 4334 minimum
1002 4289 1055 4332 tres
1073 4283 1164 4332 cadunt
1181 4283 1205 4332 in
1223 4286 1329 4336 tertium
1348 4305 1426 4354 quur·

241 4359 341 4419 tumque
358 4353 461 4416 librum,
486 4352 547 4404 setis
572 4353 670 4416 longum
692 4351 798 4418 spatium
821 4351 911 4402 homini
932 4365 1028 4417 semper
1044 4351 1140 4400 nfirma
1157 4351 1301 4403 valetudine
1320 4357 1428 4428 utenti}

610 4826 747 4958 h.
