2942 4975
211 379 256 447 ffb
579 373 613 439 Ρ.
635 368 801 437 VIRGILI
821 366 1013 434 Maenius

297 564 383 641 Huc,
405 566 499 644 pater
520 577 540 625 o
561 559 703 637 Lenaee,
723 555 813 635 ueni,
834 554 1023 641 nudataque
1040 558 1147 619 musto

297 648 421 729 Tingue
442 663 525 711 nouo
548 660 673 709 mecum
695 641 838 723 dereptis
860 658 957 706 crura
976 638 1149 705 cothurnis
1247 645 1251 649 “

301 802 306 807 ,
386 730 547 812 Principio
569 726 738 794 arboribus
757 725 848 792 uaria
869 729 920 790 est
939 728 1058 789 natura
1077 724 1232 791 creandis.

235 817 276 883 10
297 816 443 898 Namque
465 814 560 894 aliae,
583 812 679 877 nullis
700 811 866 877 hominum
888 809 1090 892 cogentibus,
1111 808 1201 893 ipsae

298 901 420 985 Sponte
442 918 500 966 sua
519 898 654 965 veniunt
676 913 868 979 camposque
891 899 925 960 et
946 893 1166 961 fluminalote

299 986 404 1053 Curva
425 988 553 1063 tenant,
575 987 613 1049 ut
633 981 739 1059 molla-
753 981 842 1058 siler,
863 980 1037 1061 lentaeque
1058 985 1221 1062 genestae,

296 1071 439 1155 Populus
462 1068 631 1151 etglauca
653 1066 809 1133 canentia
822 1064 937 1131 froude
959 1063 1094 1145 sanus,

297 1158 378 1223 Pars
400 1159 508 1223 eutem
529 1152 634 1236 posito
656 1156 795 1234 surgunt
815 1151 857 1217 de
877 1149 1014 1228 semine,
1035 1154 1073 1215 ut
1094 1148 1180 1214 altae

236 1241 488 1320 lucuscanum,
510 1254 741 1317 nemorumque
763 1235 832 1301 Ioui
854 1253 936 1316 qnae
957 1253 1106 1300 maxuma
1126 1232 1258 1300 frondet

299 1326 469 1404 Aesculus,
491 1328 588 1406 atque
610 1322 739 1387 habitae
762 1320 867 1386 Graiis
890 1320 1020 1385 oracula
1041 1336 1187 1401 quercus.

297 1410 441 1477 Pullulat
462 1409 502 1475 ab
523 1408 632 1474 radice
654 1406 725 1473 aliis
748 1405 937 1471 densissima
957 1404 1045 1484 silua,

296 1496 344 1562 Ut
366 1494 485 1561 cerasis
506 1494 678 1575 ulmisque3
701 1491 800 1557 etiarn
821 1489 975 1556 Parnasia
996 1490 1105 1554 laurus
1216 1538 1220 1543 ⁴

297 1579 401 1647 Parva
422 1579 480 1646 sub
502 1578 625 1660 ingenti
648 1576 761 1642 matris
783 1593 818 1640 se
840 1575 970 1640 subiicit
990 1574 1112 1639 umbra

234 1665 278 1731 20
298 1666 367 1731 Hos
389 1669 507 1730 natura
527 1664 638 1727 modos
657 1661 796 1743 primum
817 1659 921 1737 dedit;
943 1659 993 1725 his
1016 1677 1118 1741 genus
1139 1676 1234 1723 omne

297 1750 456 1815 Siluarum
477 1746 693 1827 nucicumque
715 1745 799 1811 viret
820 1762 1050 1825 nemorumque
1073 1762 1245 1810 sacrorum.

388 1832 471 1899 Sunt
493 1831 561 1909 alii,
582 1848 663 1912 qums
683 1830 755 1913 ipss
776 1830 829 1894 via
849 1827 911 1894 sibi
931 1828 1076 1911 repperit
1097 1845 1183 1895 usus.

297 1918 359 1984 Hic
380 1917 507 1999 plantas
530 1920 643 1981 tenero
666 1914 857 1979 abscindens
880 1914 920 1979 de
943 1931 1077 1997 corpore
1102 1918 1242 1980 matrum

146 2058 148 2064 Α
297 2000 456 2085 Deposuit
477 2000 586 2079 sulcis3
607 1999 660 2064 hic
682 1998 800 2083 stirpes
822 1998 930 2063 obruit
951 2017 1036 2077 arvo,

233 2086 277 2153 25
299 2084 563 2167 Quadrifidasque
584 2085 695 2164 sudes,
718 2089 753 2149 ct
773 2088 867 2150 acuto
890 2083 1007 2149 robore
1028 2083 1143 2162 vallos;

299 2172 520 2253 Silvarumque
543 2170 623 2236 aliae
644 2187 773 2252 pressos
795 2168 978 2251 propaginis
1000 2186 1093 2233 arcus

297 2258 496 2341 Exspectant
518 2260 552 2321 et
572 2256 644 2321 uiua
666 2272 725 2321 sua
745 2253 906 2337 plantaria
927 2258 1030 2332 terra;

297 2343 353 2410 Nil
374 2341 489 2408 radicis
512 2346 611 2425 egent
631 2340 724 2419 aliae,
747 2356 969 2421 summumque
990 2342 1126 2421 putator

296 2428 392 2496 Haud
415 2427 541 2494 dubitat
562 2431 670 2493 terrae
692 2423 837 2492 referens
859 2424 1012 2490 mandare
1035 2440 1196 2490 cacumen.

233 2514 277 2582 30
298 2514 382 2593 Quin
405 2518 438 2579 et
461 2509 643 2579 caudicibus
666 2511 763 2576 sectis
784 2547 828 2558 -
849 2509 995 2576 mirabile
1018 2509 1106 2575 dictu
1126 2547 1170 2556 —

299 2598 453 2664 Truditur
475 2616 492 2663 e
515 2598 598 2663 sicco
621 2596 712 2662 radix
732 2596 881 2678 oleagina
901 2595 998 2678 ligno.

298 2684 343 2748 Et
363 2701 460 2764 saepe
482 2682 613 2747 alterius
635 2698 741 2746 ramos
761 2681 881 2763 inpune
903 2680 1052 2745 videmus

298 2767 435 2833 Vertere
456 2767 489 2831 in
513 2766 658 2845 alterius,
680 2769 900 2846 mutatamque
921 2765 1018 2832 insita
1039 2764 1123 2829 mala

201 2917 209 2942 Ι
298 2851 399 2918 Ferre
420 2852 539 2934 pirum,
562 2856 595 2916 et
616 2849 730 2934 prunis
748 2849 892 2934 lapidosa
912 2850 1084 2916 rubescere
1107 2866 1211 2916 corna
1463 2850 1464 2917 l

213 3017 1398 3158 „msatltldllldtblld,librlmltbtldlbw
1463 3036 1464 3099 Ὗ

215 3155 313 3224 9-111,
337 3163 386 3210 aut
403 3164 477 3222 arte,
487 3154 615 3227 22-341
650 3157 675 3210 9.
694 3163 789 3209 natura»
803 3158 884 3209 utitur
900 3158 974 3208 varia
997 3159 1040 3208 viu
1064 3158 1096 3208 ud
1120 3157 1243 3210 crauudas
1267 3107 1401 3226 arbore-,aul
1463 3150 1464 3205 l

215 3225 301 3293 lorsqu
318 3229 398 3294 ipseo,
416 3228 474 3278 sinu
487 3227 593 3291 semina.
605 3233 634 3276 ut
650 3227 844 3292 imperitioribus
861 3226 963 3297 quidem
976 3227 1056 3276 videri
1073 3225 1152 3287 soluat„
1164 3241 1214 3276 wa
1231 3230 1338 3293 sponte,
1351 3242 1398 3278 sur
1463 3232 1464 3251 ³

215 3297 322 3362 quedam
339 3295 390 3363 vil
425 3293 467 3348 14.
482 3298 577 3362 ponito,
601 3301 632 3346 ub
646 3309 684 3345 us.
700 3291 766 3358 521,
789 3295 859 3360 qnod
878 3309 925 3344 uua
948 3300 1040 3360 sponte.
1058 3294 1161 3346 defluxit
1186 3295 1217 3346 de
1240 3291 1401 3362 arboribus}

216 3362 257 3416 15.
275 3379 423 3428 neruorum,
449 3363 465 3413 i.
483 3379 505 3414 e.
533 3364 651 3414 urbemn
677 3363 847 3414 nemoralium.
881 3363 1016 3425 Aesculus,
1042 3368 1072 3413 ut
1093 3362 1170 3412 omnis
1195 3369 1317 3428 quercus,
1342 3360 1400 3414 Iovi
1463 3354 1464 3399 ³

215 3432 313 3552 caorah!
332 3429 514 3550 1ll3.9qncreus
532 3431 680 3548 Dodonaeule
697 3433 806 3527 νοςιαίοῗί
817 3438 844 3482 et
861 3429 990 3490 fatidicam
1009 3431 1079 3481 ilom.
1091 3429 1138 3480 (ld.
1151 3425 1256 3494 rabbu
1268 3446 1305 3496 sq.
1324 3431 1399 3483 Ouid.

214 3503 314 3630 iba:
331 3499 402 3634 ,lu
420 3496 941 3634 odiali2⁰llf¹¹qlrl¹ltlu¹s⁹ul
958 3495 1400 3634 intimaremus

215 3632 379 3716 &stolon
392 3637 477 3689 radica
494 3637 582 3688 mutuis
599 3636 703 3688 avulsus
727 3637 810 3686 sembi
831 3637 972 3686 mundatur.
1021 3632 1063 3686 24.
1111 3672 1119 3686 .
1145 3634 1248 3686 infossio
1271 3651 1402 3688 ramorum

214 3704 377 3768 valedicam,
399 3705 444 3756 vul
466 3705 675 3767 acuminatorum,
697 3705 741 3755 rel
765 3705 947 3771 quadripartito
988 3651 1111 3772 morumff
1145 3701 1180 3756 26
1198 3719 1236 3769 sq.
1262 3704 1350 3768 agitur
1369 3705 1401 3756 da
1463 3734 1464 3737 =

215 3773 359 3839 propagine
394 3771 534 3836 Siborum,
552 3773 679 3824 arborum.
696 3801 731 3810 -
745 3788 863 3840 muros,
881 3774 905 3823 in
923 3779 1018 3824 terram
1036 3773 1177 3839 dememor-
1195 3800 1230 3808 —
1246 3775 1319 3835 aaa,
1339 3774 1403 3838 guia

215 3855 261 3890 nun
280 3848 433 3902 resecantur,
453 3843 496 3892 sed
514 3843 650 3892 cohaerent
665 3856 719 3892 cum
738 3847 827 3892 matre.
845 3867 879 3879 -
897 3844 994 3904 ruat,
1012 3841 1105 3906 inqua
1120 3845 1203 3892 mutar
1220 3839 1329 3920 crevit}
1355 3839 1401 3894 29.
1463 3846 1464 3849 ’

215 3907 281 3972 ref„
298 3908 391 3970 verbu,
403 3909 497 3972 quibus.
510 3925 563 3961 ro..
581 3911 732 3976 punclixnm,
756 3925 827 3960 omna
844 3924 922 3972 genus
941 3910 1085 3960 mutationis
1103 3915 1149 3959 aut
1165 3909 1344 3960 vicissimdinrs
1363 3911 1401 3962 in·

215 3977 309 4038 dicant,
333 3976 389 4026 bino
406 3978 530 4040 ramulus,
558 3979 600 4042 qui
617 3985 713 4028 mutato
730 3980 786 4029 loco
809 3979 834 4028 iu
851 3977 926 4027 udum
944 3977 1025 4028 locum
1043 3976 1164 4040 defertur,
1187 3975 1277 4028 referri
1295 3978 1402 4041 dieitur,

214 4047 245 4095 Aa
265 4041 308 4107 10,
324 4040 379 4096 234
400 4045 480 4106 „bauo
498 4045 585 4096 lucium
603 4082 624 4096 ..
642 4046 766 4111 refacit‚“
790 4045 921 4111 pristinam
943 4045 968 4094 in
990 4047 1054 4096 banc
1074 4046 1196 4105 mutavit3
1219 4045 1255 4094 sic
1273 4048 1404 4098 mium

215 4111 322 4164 canius
340 4109 381 4175 11,
400 4107 451 4164 710
477 4114 577 4176 dicitur,
594 4128 657 4178 uuae
674 4119 732 4166 unte
750 4129 813 4178 aquo
831 4113 983 4173 vehebatur,
1006 4117 1112 4180 reposci,
1130 4112 1250 4175 vicissim,
1268 4114 1403 4180 dagam

215 4182 329 4248 porcili.
349 4177 431 4244 122,
449 4187 475 4232 et
491 4183 559 4232 uA.
572 4177 684 4248 laen!
717 4179 801 4246 eosq.
820 4181 876 4232 olea
892 4182 1002 4244 inprimis
1020 4183 1056 4232 sic
1090 4189 1233 4244 mereatur,
1246 4188 1275 4232 ut
1292 4183 1402 4247 caudex,

215 4250 232 4300 i.
250 4264 272 4299 e.
291 4264 351 4316 paru
368 4250 457 4308 trunci.
476 4257 605 4302 consectus
623 4257 649 4300 et
666 4250 742 4301 fissus
758 4256 843 4300 terme
860 4248 1020 4327 infodiatur..
1054 4197 1096 4302 31.
1114 4267 1129 4300 o
1145 4253 1231 4312 eicco,
1249 4250 1308 4314 quia
1325 4253 1402 4304 raum

215 4325 246 4370 eb
258 4319 322 4368 rami
339 4318 433 4381 rusori,
450 4317 540 4368 siccior
556 4323 643 4368 eontra
660 4314 787 4387 truncus}
822 4315 856 4369 32
874 4333 928 4382 sqq.
952 4318 1049 4380 insitio,
1074 4334 1122 4384 qur
1140 4317 1259 4380 efficitur,
1282 4325 1312 4368 ut
1330 4320 1403 4386 pirus

215 4387 290 4451 male,
307 4400 406 4450 cornus,
423 4391 525 4453 propter
542 4386 614 4453 pomi,
632 4387 697 4451 quud
713 4387 800 4450 giguit,
818 4393 935 4436 naturam
953 4385 1066 4451 lapidosa
1083 4388 1159 4450 dicta,
1176 4400 1255 4452 pruna
1277 4384 1357 4449 lerat3
1377 4396 1404 4440 ct
