2942 4975
436 277 650 382 55555555
673 281 753 345 555.
775 281 828 345 rv.
1159 281 1220 350 am

143 467 300 551 Sparserat
322 473 356 532 et
376 467 489 533 latices
512 466 677 531 simulatos
699 466 797 532 fontis
820 469 947 548 Averni,

141 555 287 620 Falcibus
301 557 335 618 et
355 569 481 618 messae
504 552 544 616 ad
564 553 671 617 lunam
694 558 893 634 quaeruntur
914 555 1003 631 55515

141 641 292 706 Pubentes
313 639 433 705 herbae
453 637 537 720 nigri
558 655 631 702 cum
652 638 736 702 lacte
758 640 886 717 veneni3

77 724 124 789 515
142 725 303 802 Quaeritur
325 728 358 789 et
379 721 541 788 nascentis
564 723 637 804 equi
660 723 700 787 de
722 721 829 788 fronte
851 724 996 790 revolsus

140 811 177 875 Et
196 811 289 876 matri
309 812 500 892 praereptus
521 827 618 872 amor.
1068 823 1072 828 ’
1155 800 1166 821 “

141 897 206 977 1555
225 895 310 960 mola
330 894 540 974 manibusque
562 893 622 975 piis
644 893 760 958 alteria
779 893 876 973 iuxta,

140 981 237 1064 Unum
259 985 355 1046 exuta
377 979 492 1062 pedem
514 979 639 1058 vinclis,
661 979 694 1042 15
717 983 808 1043 vesta
830 979 980 1059 recincta

141 1067 282 1131 Testatur
304 1065 459 1130 moritura
481 1064 558 1128 deos
581 1069 615 1128 et
635 1063 765 1130 conscia
785 1063 844 1128 1551

77 1149 256 1231 blOSidera3
277 1156 361 1229 tum,
382 1149 518 1235 siquod
540 1167 604 1214 non
627 1167 728 1231 aequo
751 1148 882 1214 loedere
904 1152 1039 1216 amantis
1100 1180 1104 1188 ·
1141 1191 1145 1198 f

141 1235 233 1302 05555
254 1255 373 1301 numen
395 1235 696 1315 555551555555555
719 1250 915 1316 memorque,
937 1241 1097 1318 precatur.

210 1323 283 1397 Nox,
303 1325 386 1400 erat,
408 1326 444 1385 et
463 1321 623 1401 placidum
646 1320 822 1401 carpebant
842 1319 927 1385 15555
948 1339 1094 1403 soporem

140 1406 270 1489 0555555
291 1420 353 1489 555
372 1410 490 1484 terras,
513 1406 674 1486 silvaeque
697 1410 730 1470 et
752 1424 847 1470 saeva
868 1407 1017 1488 quierant

138 1495 290 1574 Aequora3
315 1509 385 1557 cum
407 1491 512 1556 medio
534 1490 706 1556 volvuntur
727 1491 834 1555 sidera
854 1491 955 1573 lapsu,

73 1573 120 1640 525
138 1577 208 1642 0555
230 1581 318 1643 55555
340 1577 442 1642 omnis
465 1593 554 1658 ager,
577 1577 715 1658 pecudes
738 1577 906 1659 pictaeque
926 1578 1084 1657 volucres

139 1662 279 1746 Quaeque
302 1663 651 1744 1555515551155515155,
674 1679 820 1745 quaeque
842 1681 957 1744 aspere
978 1663 1080 1728 dumis

77 1819 83 1840 Ι
136 1749 213 1814 Rura
233 1754 361 1829 tenent,
385 1765 495 1813 somno
517 1747 641 1829 positae
663 1746 721 1812 sub
744 1751 841 1812 nocte
862 1747 1020 1832 silenti(:)

137 1833 303 1917 [Lenibant
325 1852 416 1898 curas
439 1838 473 1898 et
496 1833 593 1898 corda
615 1833 715 1898 oblita
735 1832 911 1916 laborumz]

136 1921 174 1984 515
193 1937 256 1984 555
277 1919 390 1985 infelix
412 1919 508 1984 animi
529 1917 717 1997 Phoenissa,
740 1935 800 1982 nec
821 1937 971 2000 umquem

73 2000 119 2064 530
137 2003 267 2070 Solvitur
289 2005 323 2070 in
346 2021 488 2083 somnos,
509 2003 651 2068 oculisve
674 2007 884 2084 aut²pectore
904 2007 1034 2068 noctem

136 2085 265 2172 Accipit:
286 2091 488 2172 ingeminant
509 2107 618 2167 curae,
640 2106 815 2169 rursusque
835 2107 1007 2170 resurgens
1067 2141 1072 2148 .

137 2173 235 2241 Saevit
255 2195 360 2254 amor,
382 2193 562 2256 magnoque
583 2173 706 2238 irarum
725 2173 860 2239 fluctuat
882 2180 982 2238 aestu.

137 2259 181 2324 Sic
196 2262 281 2330 „adeo
305 2261 438 2340 insistit,
461 2277 633 2340 secumque
654 2259 702 2323 ita
721 2259 820 2323 corde
841 2260 980 2324 volutat:

136 2345 191 2426 En,
212 2347 289 2429 quid
313 2347 395 2427 agol
431 2363 583 2410 rursusne
604 2361 718 2428 procos
740 2344 840 2409 inrisa
860 2345 984 2426 priores
1131 2417 1137 2428 ⁴

72 2425 118 2491 535
135 2431 295 2514 Experiar,
317 2432 559 2513 Nomadumque
581 2435 688 2513 petam
712 2429 870 2495 connubia
890 2430 1033 2513 supplex,

136 2518 212 2594 Quos
234 2538 296 2601 ego
318 2519 378 2583 sim
400 2518 518 2583 totiens
539 2517 604 2581 iam
626 2514 800 2597 dedignata
820 2517 973 2581 maritos?

135 2604 238 2669 Iliacas
259 2604 361 2685 igitur
384 2604 494 2668 classis
516 2607 612 2684 atque
634 2601 748 2665 ultima
770 2602 928 2666 Teucrum

71 2739 143 2788 55515
159 2742 237 2803 terris,
254 2743 345 2804 Diana,
363 2756 418 2791 curu
437 2741 481 2791 sub
499 2740 583 2802 555515,
601 2738 791 2805 Ρ555555155.“1
817 2737 877 2791 512.
895 2738 1043 2802 emulator,
1060 2737 1162 2789 Servius
1180 2739 1224 2801 „iu

70 2808 128 2857 555515
138 2824 193 2873 quae
205 2810 318 2861 exbiberi
330 2826 376 2860 uon
388 2815 511 2876 poterant,
524 2808 704 2858 simulabantur
716 2814 743 2857 et
754 2816 826 2858 eraut
838 2823 882 2873 555
895 2808 970 2857 veris.
998 2807 1032 2857 Et
1042 2822 1086 2874 per
1097 2806 1222 2856 Avernum
1225 2850 1234 2881 Ι

69 2872 173 2929 5555555555
189 2886 227 2929 est
244 2880 277 2929 ael
298 2878 430 2941 1515555.“1
470 2873 529 2929 514.
553 2878 672 2937 Patent,
696 2876 796 2927 adultas
820 2876 934 2941 succique
955 2876 1048 2943 plenas.
1071 2903 1105 2911 -
1127 2875 1226 2925 bertae

70 2945 216 3009 55551.5.,1.
234 2965 255 2999 e.
276 2948 369 2997 herbae
386 2953 529 2997 venenatae.
544 2972 575 2981 —
588 2948 703 3009 nigre,
719 2951 749 2995 ut
766 2948 858 3007 atra,
876 2959 901 2995 v.
919 2942 950 2994 G.
968 2942 993 3008 1,
1013 2941 1086 3011 1291
1121 2939 1172 2993 515
1184 2959 1221 3008 sq.

70 3010 192 3073 significatur
209 3017 378 3083 hippomanes,
397 3014 529 3065 caruncula
545 3014 570 3063 in
588 3012 668 3063 fronte
686 3014 807 3064 nascentis
825 3014 889 3077 equi,
907 3027 979 3077 quam
998 3027 1062 3079 equa
1073 3019 1155 3063 muter
1166 3018 1226 3078 post

68 3086 145 3141 partum
161 3084 281 3135 devorare
301 3084 456 3135 credebatur.
474 3110 508 3119 —
525 3098 614 3137 umor.
640 3083 663 3131 b.
683 3098 704 3131 e.
723 3082 788 3147 quod
813 3097 922 3133 amorem
938 3081 1062 3144 05511155,
1080 3076 1221 3148 5511555551

68 3142 112 3198 511.
125 3150 185 3217 1555,
202 3152 273 3204 111515.
293 3180 328 3189 -
344 3152 415 3203 55515
489 3148 625 3211 Testatur,
647 3150 712 3200 mola
737 3148 816 3208 (larre
833 3156 899 3199 55555
918 3150 1051 3215 molitoque
1069 3145 1095 3201 et
1112 3149 1181 3215 sale)
1198 3151 1224 3199 15
1297 3200 1299 3204 .

68 3214 127 3276 15555
141 3222 243 3272 coniectu
262 3228 289 3271 et
306 3220 417 3271 manibus
436 3219 549 3281 sublatis,
567 3232 591 3268 v.
610 3217 640 3269 G.
659 3216 683 3283 4,
702 3213 744 3268 82.
757 3243 791 3255 ἡ
830 3220 865 3281 “”,
883 3218 968 3282 castis,
986 3219 1063 3285 puris,
1081 3215 1149 3280 512,
1162 3214 1220 3268 119.

69 3281 138 3335 115511,
154 3287 175 3353 1,
191 3286 215 3351 3,
233 3288 294 3356 2151
329 3284 387 3341 518.
402 3289 505 3357 5155155,
523 3288 621 3349 calscop
650 3292 676 3337 et
692 3302 717 3337 v.
736 3283 762 3349 3,
834 3324 840 3336 ,
875 3286 977 3337 Servius
1002 3286 1223 3349 ,15555515511511

68 3352 115 3403 solet
129 3370 176 3407 esse
192 3360 366 3424 praeligatum,
384 3358 514 3423 praecipue
531 3357 596 3418 eius,
621 3369 683 3420 quae
706 3370 790 3406 aurore
808 3355 864 3405 vult
881 3356 971 3404 solvi.“
994 3370 1018 3405 v.
1037 3351 1062 3417 3,
1079 3350 1132 3403 310
1148 3360 1172 3402 55
1189 3352 1221 3403 51.

69 3418 232 3489 0515111551,
252 3422 374 3491 1825551
408 3422 467 3477 519.
485 3424 516 3474 51.
535 3424 559 3487 9,
576 3420 649 3495 4291
683 3421 743 3476 520.
766 3440 816 3474 aon
838 3439 893 3489 aeq.
911 3423 940 3488 s.
959 3439 992 3486 5.,
1016 3436 1118 3487 quorum
1142 3423 1225 3471 amori

68 3503 101 3538 555
115 3496 234 3560 respondet
252 3508 324 3545 amor
341 3491 465 3561 5551555551
500 3490 558 3545 523.
577 3496 710 3557 quierant,
729 3499 860 3558 coeperant
872 3492 1007 3557 quiescere,
1020 3497 1047 3540 ut
1059 3486 1083 3553 1,
1095 3488 1134 3552 (1.1
1161 3486 1221 3540 521.

68 3564 361 3629 5555.,55555551555551
380 3576 489 3613 somnum
507 3560 663 3627 capiendum,
681 3576 706 3611 v.
725 3559 756 3610 G.
775 3558 799 3622 4,
816 3557 891 3622 4321
925 3556 984 3610 529.
1008 3562 1047 3619 At
1069 3574 1119 3607 55555
1142 3559 1223 3609 Phoe-

67 3626 123 3677 m'tsa
137 3632 242 3695 quiescit.
280 3631 395 3683 Ceterum
413 3646 437 3682 v.
451 3630 481 3681 G.
494 3627 517 3693 4,
530 3628 605 3695 4911
641 3625 699 3679 550.
718 3632 825 3690 reectum,
843 3629 946 3694 quietem
965 3625 1133 3695 nocturnam!
1161 3623 1223 3678 531.

66 3694 106 3757 155.
121 3712 178 3763 555,
193 3716 219 3751 v.
238 3700 262 3762 1,
281 3696 355 3767 6621
383 3696 593 3751 5881555555
612 3698 674 3747 55155
691 3698 741 3747 vim
759 3698 828 3747 addit
845 3695 987 3759 vocabulis,
1011 3696 1100 3760 quibus
1124 3695 1221 3747 adiecta

67 3769 204 3822 5555551555
214 3768 410 3831 Pronominibus,
429 3774 457 3818 ut
475 3771 512 3829 55,
530 3768 580 3829 555,
597 3764 646 3829 5115,
664 3768 725 3832 ipse,
743 3774 796 3815 tum
809 3764 941 3815 Aduerbiis
952 3764 1081 3831 temporis,
1098 3771 1127 3814 ut
1144 3781 1220 3828 5555,
1301 3769 1303 3773 ’

53 3830 112 3895 Ι1055,
127 3838 190 3900 turae,
208 3838 285 3888 etiam
301 3837 348 3887 1551
366 3836 438 3902 (binc
456 3834 484 3887 E.
503 3834 527 3898 9,
544 3831 602 3897 59),
621 3849 696 3900 55555
714 3834 858 3886 Nominibus
876 3833 1044 3884 numeralibus
1062 3834 1225 3899 cognatisque

66 3899 176 3954 Adleetivis
193 3906 297 3956 5551555
314 3912 339 3956 et
356 3908 447 3968 555555,
467 3904 569 3969 denique
588 3904 643 3953 huic
660 3904 707 3969 ipsi
724 3902 863 3969 particulae
879 3904 932 3963 sie,
949 3902 1056 3967 licetque
1073 3900 1127 3953 lere
1145 3903 1220 3951 inter-

66 3973 138 4041 pretari
159 3975 230 4037 eben,
245 3974 355 4039 garrule.
397 3974 459 4023 llum
484 3973 560 4037 igitur
582 3972 676 4022 animus
698 3972 799 4021 llidouis
823 3971 932 4021 iactatur
951 3984 1026 4035 cura,
1053 3986 1149 4034 umore,
1173 3972 1222 4035 ira,

65 4038 136 4111 tutent
152 4042 261 4107 denique,
281 4042 368 4109 quibus
381 4043 443 4093 adeo
462 4040 651 4104 cogitationibus
669 4040 851 4107 propositisque
866 4039 1016 4102 insistet,
1035 4040 1051 4089 i.
1061 4054 1083 4090 e.
1096 4041 1119 4089 in
1132 4041 1220 4103 quibus

64 4105 285 4177 amputaverat!
318 4107 376 4163 534.
395 4110 443 4173 Ea,
460 4110 523 4175 55551
539 4112 608 4175 agot
626 4109 783 4173 reprehendit
800 4108 862 4157 Dido
880 4108 935 4174 ipsu
956 4108 1041 4158 varios
1058 4109 1121 4159 istos
1139 4113 1219 4157 motus

65 4172 129 4236 uiui,
144 4186 343 4229 commemoratos
361 4175 511 4243 55531555.
531 4172 728 4228 cavaret-
743 4180 830 4228 inrisa
847 4176 878 4226 ob
896 4176 924 4227 15
939 4177 1027 4244 ipsum,
1044 4178 1108 4241 quod
1126 4190 1222 4236 eorum,

64 4253 111 4302 1555
127 4254 253 4311 spreverat
270 4248 381 4314 praelato
395 4248 484 4311 Aenea,
501 4248 550 4297 ium
568 4246 635 4295 ultro
653 4252 756 4312 appetat
771 4243 976 4314 matrimonium}
1009 4242 1068 4296 531.
1085 4244 1182 4294 attineo
1194 4245 1232 4306 i,

64 4309 205 4369 1415551111
222 4316 425 4382 poteatgravius
443 4330 499 4367 essa
522 4313 565 4382 (ut
582 4314 675 4365 51515555
690 4313 805 4382 poena),
827 4314 941 4379 qualibus
962 4318 1075 4363 utuntur·
1088 4309 1178 4362 donini
1195 4311 1220 4360 lu
