2942 4975
462 276 841 369 rmumosnfflo.
1173 286 1237 354 227

85 461 433 540 connerinensem
455 463 594 528 animam
615 475 779 548 nexosque
800 467 980 534 resolveret
1000 475 1100 536 arnis.

151 545 226 614 Nam
248 549 323 633 quia
343 567 404 613 nec
426 547 508 628 fato,
529 549 645 614 merita
668 569 727 615 nec
750 556 854 616 morte
876 553 1012 634 peribat,

151 631 209 698 Sed
229 634 347 699 misere
368 638 445 700 onte
467 634 565 714 diem,
587 634 758 716 subitoque
781 655 917 703 accenso
936 637 1054 718 furore,

151 717 292 784 Nondum
313 719 362 783 illi
384 717 500 784 flavum
522 719 715 802 Proserpina
736 721 859 788 vertice
882 722 1003 789 crinem

150 804 331 870 Abstulerat
351 804 527 886 Stygioque
549 809 645 888 caput
667 805 876 877 damnoverat
896 807 991 874 Orco.

85 885 133 951 700
150 889 230 971 Ergo
251 889 313 954 Iris
336 889 458 954 croceis
479 907 538 970 per
561 890 684 956 coelum
706 891 834 958 roscida
854 893 977 974 pennis,

150 973 232 1039 liille
253 974 385 1040 trahens
407 974 513 1040 varios
536 975 671 1042 adverso
694 976 763 1041 sole
785 977 917 1057 colores,

151 1059 295 1139 Devolat,
317 1065 351 1125 et
374 1079 472 1142 supra
493 1064 592 1142 caput
613 1060 755 1126 adstitit:
783 1061 879 1128 Hunc
900 1081 961 1146 ego
982 1062 1051 1129 Diti

151 1142 275 1210 Sacrum
297 1145 386 1210 iussa
406 1144 489 1226 iero,
512 1149 609 1226 teque
631 1145 694 1211 isto
718 1165 853 1228 corpore
874 1148 973 1214 solvo.

150 1228 197 1294 Sic
218 1230 276 1309 ait,
299 1235 334 1295 et
355 1231 470 1296 dextra
493 1229 613 1296 crinem
635 1236 739 1296 secat:
762 1231 865 1297 omnis
888 1236 929 1314 et
943 1252 1009 1299 una

85 1310 132 1377 700
150 1314 293 1397 Dilapsus
316 1316 417 1394 calor,
440 1321 538 1397 atque
560 1317 593 1380 in
615 1321 729 1382 ventos
751 1316 820 1382 vita
840 1319 983 1384 recessit

262 1688 322 1800 A
366 1684 419 1800 E
473 1683 532 1800 Ν
581 1685 634 1800 Ε
689 1683 720 1800 I
775 1684 834 1800 D
888 1683 942 1800 Ο
997 1682 1038 1802 S

340 1951 343 1960 .
414 1894 590 1980 ninus
621 1895 891 1996 cunnus.

82 2143 203 2210 (lienam
219 2152 247 2200 in
265 2148 386 2201 Siciliam
404 2152 524 2216 Aeneas,
544 2165 601 2202 cum
620 2166 690 2200 anno
710 2154 806 2200 acacio
824 2149 938 2200 redieret
955 2149 1023 2212 dces,
1041 2153 1087 2215 qui
1102 2165 1244 2218 ommno

76 2214 157 2277 suerat
171 2218 304 2268 Anclla'sae
319 2220 401 2284 patri,
420 2216 496 2267 ludos
508 2217 585 2282 facit
602 2221 829 2284 apparuissemus.
845 2246 880 2254 —
897 2220 1016 2268 Amisso
1032 2219 1152 2269 inccndio
1168 2225 1244 2288 quat·

82 2285 131 2334 tuor
146 2288 263 2352 novatus,
282 2289 354 2337 mani
370 2285 468 2336 imbelli
483 2285 657 2420 wilzum
668 2285 805 2420 ῗαῖἰῖαἰὶιὲ
822 2285 898 2352 apud
911 2286 1039 2352 hoqitun
1055 2287 1185 2338 Acestam
1202 2301 1245 2338 re·

149 2592 277 2659 Interea
299 2592 441 2657 medium
462 2593 589 2659 Aeneas
610 2593 675 2658 iam
698 2591 802 2657 classe
823 2590 957 2657 tenebat

151 2676 262 2743 Certus
285 2677 363 2757 iter,
384 2675 564 2760 fluctusque
587 2682 675 2743 atros
698 2677 848 2758 aquilone
870 2675 1010 2753 secabat

150 2762 276 2828 Moenia
297 2762 487 2845 respiciens,
510 2782 591 2844 quae
613 2764 678 2829 iam
698 2761 837 2827 infelicis
858 2761 982 2827 Elissae

151 2846 328 2913 Conlucent
348 2846 491 2913 flammis.
535 2849 624 2925 Quae
645 2852 773 2913 tantum
794 2846 978 2913 accenderit
997 2846 1115 2928 ignem,

113 2932 131 2995 5
151 2932 268 2999 Caussa
290 2934 386 3012 latet;
409 2933 482 2997 duri
503 2952 618 3016 magno
641 2934 699 2998 sed
721 2951 830 2997 amore
852 2932 980 2998 dolores

149 3018 291 3098 Polluto,
312 3022 502 3100 notumque,
524 3018 635 3083 furens
656 3018 733 3100 quid
755 3016 874 3082 femina
895 3016 1006 3101 possit,

150 3104 254 3169 Triste
278 3122 338 3187 per
360 3104 529 3185 augurium
552 3104 750 3171 Teucrorum
771 3106 904 3185 pectora
926 3103 1056 3167 ducunt

52 3231 56 3241 ·
149 3188 192 3255 Ut
213 3190 349 3272 pelagus
372 3194 632 3285 tenuerelrates,
654 3207 715 3254 nec
736 3189 800 3253 iam
822 3186 958 3269 amplius
980 3187 1047 3251 ulla

78 3349 133 3400 vitoe
151 3352 173 3401 io
194 3354 248 3419 ipso
271 3352 379 3405 articulo
400 3353 501 3414 mortis3
525 3351 555 3401 cl.
574 3348 616 3415 12,
641 3347 692 3403 952
716 3358 743 3401 et
764 3366 789 3400 v.
813 3347 856 3412 10,
873 3346 925 3399 819
941 3345 993 3418 σᾳ]
1027 3346 1085 3399 697).
1104 3344 1247 3413 Lucreti,

79 3412 119 3468 919
134 3420 238 3483 „vitans
255 3421 354 3473 animae
372 3421 450 3471 nodos
469 3436 483 3470 e
500 3436 603 3487 corpore
620 3419 738 3469 solvit.“l
772 3416 831 3470 703.
849 3417 880 3467 ci.
900 3415 941 3481 11,
952 3415 1027 3474 8991
1062 3413 1121 3467 705.
1139 3418 1167 3465 ia
1184 3430 1206 3467 a.
1224 3430 1247 3465 o.

76 3500 126 3551 ceu,
142 3490 196 3541 oon
216 3488 365 3556 exspiratur
381 3488 477 3539 scilicet
494 3490 589 3551 nuimo3
609 3491 637 3539 ia
654 3493 751 3548 ventos,
769 3488 793 3537 iu
812 3502 881 3550 aera,
898 3486 930 3535 oi.
949 3483 974 3546 5,
991 3482 1051 3535 512.
1069 3480 1128 3534 527.

132 3562 314 3611 Aeneia-1..
336 3564 372 3609 17.
409 3555 519 3609 1-103.
537 3560 643 3607 Aeneas
661 3558 686 3606 vi
703 3561 843 3606 uentorum
865 3558 893 3605 iu
910 3552 1027 3604 90070οω
1051 3552 1154 3603 dolatu
1172 3557 1199 3603 et
1216 3553 1248 3602 ab

76 3626 161 3676 Acesta
181 3628 298 3692 benigne
321 3631 446 3693 exceptus
469 3641 577 3676 sacrm
602 3626 817 3677 anniversarium
834 3622 959 3687 ludosque
980 3623 1098 3671 &stituit
1114 3620 1250 3672 Anchisae

75 3692 154 3762 puri]
188 3695 212 3745 1.
229 3694 348 3745 medium
366 3694 414 3745 diei
432 3696 506 3757 solet,
524 3695 648 3759 quodiam
661 3694 709 3742 rite
721 3691 843 3756 aggressi,
861 3692 884 3740 in
898 3706 946 3756 qno
958 3690 1012 3755 ipso
1024 3690 1138 3756 occupati
1156 3702 1249 3751 sunus,

80 3755 104 3807 G.
119 3758 141 3824 3,
156 3760 231 3833 4864
268 3759 294 3815 2.
314 3761 414 3825 Certus,
433 3764 543 3825 tendens,
562 3762 597 3813 uti
615 3762 769 3823 decreverat,
787 3776 825 3823 eo,
843 3775 891 3824 quo
908 3759 1018 3818 volebat,
1038 3757 1063 3807 in
1080 3758 1186 3821 ltaliam,
1203 3757 1251 3808 ersi

76 3829 146 3891 uuio
162 3830 220 3898 (illo
238 3838 352 3897 tenpore
368 3832 507 3893 continuus,
525 3829 557 3881 cf.
569 3828 595 3893 4,
607 3828 681 3895 310.)
698 3829 824 3880 officielnt
835 3828 927 3877 cursui
940 3854 973 3865 -
985 3830 1059 3876 atros
1077 3826 1165 3893 aquil,
1184 3824 1249 3876 Geli
1339 3831 1346 3842 ·

76 3891 141 3954 2230
159 3900 281 3963 „laeuis
299 3916 311 3949 e
329 3898 452 3949 iruntibns
470 3914 539 3949 more
554 3900 583 3949 lit
599 3898 714 3961 glaucum
732 3904 758 3947 et
776 3896 925 3958 caeruleum,
945 3896 1103 3961 aquilonibus
1119 3894 1249 3945 obscurius

75 3965 275 4033 utriusque.“l
309 3968 333 4019 b.
349 3967 430 4034 pollui
447 3968 610 4030 diciturne,
629 3982 692 4032 quae
710 3981 784 4016 sacra
802 3970 918 4031 paulus,
936 3964 1018 4029 aliquo
1036 3965 1109 4015 ruodo
1127 3964 1204 4024 laeso,
1221 3967 1252 4011 ut

76 4030 193 4100 boantium
210 4033 236 4100 3,
255 4033 299 4086 61.
317 4050 367 4101 pax
386 4033 410 4099 7,
426 4032 485 4087 467.
506 4038 528 4087 0.
546 4036 563 4085 l.
581 4051 659 4098 amor,
678 4036 719 4099 qui
736 4035 786 4085 iarn
803 4034 943 4097 coniugium
960 4033 1083 4099 appellari
1099 4036 1207 4099 poterut,
1223 4027 1249 4092 4,

75 4094 124 4151 172.
141 4130 171 4141 -
195 4110 350 4170 notumque,
374 4104 390 4155 'a
413 4120 434 4154 e.
457 4105 529 4170 idque
552 4104 616 4169 quod
638 4110 720 4153 notum
744 4110 795 4163 est3
818 4116 863 4152 nos
886 4103 1036 4153 dirutum:
1062 4102 1104 4151 die
1125 4100 1251 4151 oolam

75 4165 233 4239 Ersalmng.
269 4174 324 4223 Liv.
340 4170 383 4236 27,
398 4169 432 4223 37
451 4180 562 4235 ‚‚meutes
580 4172 692 4223 turbavit
711 4186 809 4221 rursum
826 4174 1017 4221 nuntiatam
1033 4168 1150 4220 infantem
1165 4172 1250 4233 notun

73 4250 120 4289 esse
137 4242 266 4305 quadrimo
284 4244 394 4308 paremf‘
430 4240 584 4292 Tacitllist.
597 4238 622 4302 2,
633 4237 668 4291 82
685 4238 822 4303 „sufficere
839 4240 962 4291 adversus
974 4237 1101 4288 Vitellium
1119 4236 1252 4285 videbatur

74 4302 211 4373 Vespasiani
223 4325 312 4361 nomeu
324 4316 351 4361 et
363 4310 422 4361 nihil
436 4311 584 4361 arduum
601 4308 701 4380 latnf‘l
736 4307 762 4360 8.
777 4307 899 4375 polam
917 4321 1020 4373 capara
1031 4306 1116 4362 naris,
1134 4316 1198 4369 qnae
1209 4299 1252 4350 vel

991 4386 1046 4439 15·
