2942 4975
216 359 274 445 sa¹
582 359 616 423 5.
638 315 1016 425 vraomrmanoms

387 545 489 612 Omne
511 546 591 611 adeo
615 548 715 627 genu‘s
736 545 770 609 in
791 545 887 609 terris
908 545 1135 629 hominumque
1157 546 1365 635 ferarumque,
1453 543 1454 562 ¹

303 632 346 698 Et
368 650 468 713 genus
490 649 698 713 aequoreum,
720 631 874 712 pecudes,
895 631 1066 713 pictaeque
1087 633 1244 715 volucres,

303 718 341 782 In
363 716 461 783 furias
483 717 653 799 ignemque
675 721 782 780 ruunt.
824 718 924 781 Amor
945 717 1091 782 omnibus
1112 718 1206 785 iden.

154 882 160 889 ι
215 802 281 867 245
305 804 460 886 Tempore
482 820 547 867 non
569 802 631 866 alio
654 802 833 865 catulorum
856 800 957 866 oblita
975 802 1091 867 leaena

303 888 435 954 Saevior
457 887 575 952 erravit
598 886 729 967 campis,
752 904 812 950 nec
833 884 947 950 funera
968 888 1063 969 volgo

304 974 382 1041 Tam
403 973 505 1039 multa
525 970 678 1036 informes
700 971 767 1035 ursi
789 976 993 1053 stragemque
1016 973 1134 1037 dedere

302 1058 365 1124 Per
387 1059 495 1137 silvas3
518 1062 586 1122 tum
609 1074 722 1121 saevus
744 1074 835 1138 aper,
858 1061 927 1121 tum
948 1058 1086 1139 pessima
1108 1058 1213 1138 tigris3

301 1145 388 1223 Heu,
410 1142 494 1208 male
516 1148 585 1207 tum
606 1142 725 1223 Libyae
747 1142 823 1206 solis
847 1146 972 1207 erratur
992 1143 1026 1207 in
1049 1143 1144 1225 agris.

213 1227 281 1293 250
301 1231 416 1294 Nonne
438 1228 541 1307 vides,
564 1233 601 1292 ut
622 1232 693 1293 tota
715 1232 836 1292 tremor
857 1233 1054 1309 pertemptet
1075 1247 1231 1310 equorum

303 1314 457 1396 Corpora,
480 1313 655 1378 sitantum
678 1318 771 1378 notas
795 1313 874 1377 odor
895 1312 1005 1377 attulit
1027 1315 1142 1378 auras?
1280 1361 1284 1372 f

302 1402 349 1465 Ac
370 1417 475 1481 neque
498 1416 553 1464 eos
574 1399 637 1463 iam
659 1396 751 1462 frena
772 1398 889 1476 virum,
911 1416 1016 1479 neque
1038 1399 1174 1464 verbera
1195 1417 1302 1479 saeva,

301 1484 375 1550 Non
397 1484 519 1566 scopuli
540 1502 700 1566 rupesque
724 1501 820 1548 cavae
843 1487 940 1563 atque
962 1483 1087 1549 obiecta
1105 1484 1277 1551 retardant

301 1570 448 1635 Flumina
470 1576 698 1651 correptosque
719 1568 807 1633 unda
828 1569 1012 1650 torquentia
1032 1570 1159 1635 montis.

215 1652 281 1719 255
302 1656 376 1737 Ipse
397 1655 463 1719 ruit
485 1656 661 1736 dentesque
684 1653 862 1718 Sabellicus
885 1654 1010 1732 enecuit
1031 1672 1094 1733 sus,

301 1741 345 1805 Et
366 1741 448 1823 pede
470 1738 648 1821 prosubigit
670 1743 804 1817 terram,
830 1736 925 1804 fricat
947 1739 1062 1804 arbore
1085 1745 1199 1818 costas,

300 1828 408 1907 Atque
430 1826 503 1890 binc
525 1830 621 1906 atque
643 1824 731 1889 illinc
751 1824 901 1888 humeros
924 1824 965 1889 ad
986 1825 1118 1902 volnera
1139 1825 1243 1890 durat.

303 1911 386 1987 Quid
406 1910 542 1990 iuvenis,
563 1928 713 1991 magnum
736 1909 787 1973 cui
809 1914 917 1974 versat
937 1910 972 1974 in
993 1910 1116 1975 ossibus
1138 1910 1247 1992 ignem

300 1996 408 2060 Dmus
431 1996 539 2061 amor?
576 1994 699 2077 Nempe
722 1994 867 2075 abruptis
889 1995 1020 2060 turbata
1041 1996 1190 2077 procellis

213 2078 280 2144 260
300 2081 404 2146 Nocte
426 2086 518 2146 natat
541 2098 636 2146 caeca
657 2098 748 2145 serus
770 2078 866 2159 freta3
889 2098 985 2162 quem
1006 2099 1103 2161 super
1123 2080 1239 2162 ingens

301 2168 399 2233 Porta
421 2171 514 2231 tonat
537 2166 630 2245 caeli,
655 2171 688 2230 et
710 2165 849 2249 scopulis
869 2165 964 2230 inlisa
985 2166 1163 2231 reclamant

300 2254 463 2334 Aequora3
490 2270 549 2317 nec
570 2251 679 2317 miseri
701 2256 836 2333 possunt
856 2268 1009 2316 revocare
1031 2256 1192 2332 parentes,

300 2338 368 2403 Nec
389 2338 546 2403 moritura
567 2356 663 2419 super
686 2337 807 2402 crudeli
828 2334 1064 2419 funerevirgo.

302 2424 385 2501 Quid
406 2422 516 2507 lynces
537 2422 656 2489 Bacchi
676 2422 785 2488 variae
807 2427 841 2488 et
863 2440 963 2505 genus
986 2440 1060 2487 acre
1082 2422 1231 2504 luporum

214 2508 279 2573 265
300 2512 407 2592 Atque
430 2511 564 2583 canum?
600 2509 689 2591 quid,
712 2527 794 2590 quae
815 2508 952 2573 inbelles
974 2508 1053 2573 dant
1074 2507 1197 2589 proelia
1219 2510 1327 2574 cervi?

302 2595 430 2660 Scilicet
452 2598 527 2659 ante
550 2595 652 2659 omnis
673 2592 763 2658 furor
785 2598 835 2657 est
855 2591 990 2674 insignis
1013 2611 1181 2674 equarum3
1317 2612 1322 2628 ¹

237 2720 240 2725 -
300 2680 344 2744 Et
364 2685 506 2744 mentem
527 2679 637 2744 Venus
658 2677 729 2761 ipsa
750 2677 851 2756 dedit,
875 2696 937 2759 quo
959 2683 1105 2760 tempore
1127 2677 1242 2743 Glauci

300 2764 474 2830 Potniades
496 2763 588 2828 malis
610 2762 754 2827 membra
775 2763 981 2845 absumpsere
1003 2763 1187 2846 quadrigae.

300 2850 376 2915 Illas
399 2849 487 2914 ducit
509 2868 599 2914 amor
621 2853 710 2912 trans
732 2848 878 2929 Gargara
899 2854 1052 2930 transque
1073 2854 1243 2914 sonantem

214 2934 281 2998 270
303 2934 485 3013 Ascanium3
508 2937 662 3015 superant
683 2933 801 2998 montis
823 2938 856 2997 et
878 2932 1009 2998 flumina
1030 2940 1168 2999 tranant

302 3019 524 3101 Continuoque
548 3019 647 3084 avidis
669 3017 724 3082 ubi
746 3018 874 3083 subdita
896 3017 1023 3084 flamma
1043 3019 1206 3084 medullis:
1226 3055 1265 3066 -

214 3297 274 3352 242.
293 3317 318 3352 v.
336 3299 360 3365 1,
377 3293 453 3368 2951
486 3295 545 3353 246.
564 3315 588 3349 v.
608 3296 705 3372 1,49.1
741 3296 800 3352 251.
818 3299 858 3350 od.
876 3304 924 3349 att.
942 3315 1014 3364 555,
1032 3301 1145 3350 nimirum
1163 3308 1263 3351 emanat
1280 3301 1395 3367 5515555

211 3380 247 3430 &r
265 3371 350 3432 odore,
368 3370 433 3435 quod
449 3369 553 3419 mixtum
571 3369 640 3419 euris
658 3367 762 3420 51155155
779 3369 811 3418 55
829 3383 926 3418 aeneum
944 3368 1082 3431 olfaciendi,
1099 3376 1125 3419 et
1142 3365 1302 3438 514,417.1
1337 3367 1394 3423 252.

215 3443 257 3490 Ac
275 3441 291 3490 i.
310 3455 331 3488 5.
351 3439 415 3504 quod
432 3438 474 3488 ubi
492 3437 532 3498 ur,
558 3436 689 3503 copulatur
706 3452 751 3502 per
768 3437 831 3486 banc
847 3436 995 3502 particulam
1014 3445 1118 3488 eventus
1135 3452 1190 3487 curn
1206 3452 1286 3488 cause
1303 3439 1353 3503 115,
1369 3446 1396 3488 51

214 3508 257 3558 1115
274 3509 336 3558 banc
353 3507 440 3558 atatim
457 3505 575 3570 subsequi
591 3505 749 3568 significetur,
766 3521 791 3555 v.
809 3505 839 3555 A.
857 3503 882 3569 5,
893 3501 969 3564 boet
1004 3503 1064 3557 253.
1080 3507 1188 3569 obtecta,
1204 3521 1265 3570 ergo
1283 3507 1395 3572 vulgare

213 3575 271 3642 equi
295 3591 394 3626 cursum
417 3571 563 3643 5555551151
597 3569 657 3623 254.
676 3578 786 3637 arentes,
805 3577 893 3638 55551
928 3569 1239 3641 attractumque.
1289 3571 1344 3626 259
1361 3590 1395 3640 eq.

214 3643 333 3710 Spectant
350 3645 412 3694 baec
430 3645 463 3695 55
475 3643 615 3693 Leandrum
630 3647 656 3691 et
668 3641 796 3692 Heronem.
810 3669 841 3679 -
860 3645 961 3709 abrupt.
979 3657 1004 3693 v.
1017 3644 1047 3692 A.
1059 3640 1085 3705 2,
1096 3639 1171 3712 4161
1204 3641 1240 3695 26
1259 3680 1266 3693 .
1284 3643 1395 3704 Caelum,

217 3712 282 3778 quod
300 3712 406 3762 solidum
423 3719 449 3762 et
467 3716 664 3762 concameratum
683 3709 785 3775 antiqua
803 3711 945 3776 superstitio
980 3711 1076 3773 515551,
1094 3718 1191 3778 portam
1204 3711 1297 3762 babere
1309 3713 1396 3762 existi·

215 3780 343 3843 urebatur,
367 3780 569 3846 quemadmodum
587 3778 709 3846 Olympus
733 3779 799 3844 apud
823 3725 982 3842 11515116,
1001 3775 1063 3842 749,
1091 3795 1136 3846 per
1157 3794 1231 3846 quam
1254 3786 1281 3830 et
1299 3781 1335 3832 dii
1351 3780 1396 3846 ipsi

214 3849 390 3911 descenderant
407 3855 432 3899 et
449 3847 550 3898 fulmina
569 3862 598 3897 55
615 3847 725 3896 tonitrua
742 3843 876 3910 555155511
911 3844 962 3897 262
980 3862 1016 3913 sq.
1044 3847 1156 3911 ignotum
1181 3848 1328 3915 parentibus
1351 3848 1396 3899 fuit

214 3918 336 3984 inceptum
354 3916 410 3978 filii3
429 3932 488 3980 ergo
506 3918 601 3967 5515555·
612 3919 736 3981 parentes
755 3915 772 3964 i.
785 3930 807 3980 q.
826 3914 926 3966 miseria
943 3921 1081 3981 parentum,
1098 3920 1231 3967 meritura
1248 3919 1395 3982 5153515.

214 3983 1396 4119 111165651111115116551151515152ῑῖ9121.““

214 4121 248 4173 cf.
266 4124 296 4172 Α.
313 4119 339 4186 4,
357 4118 416 4173 606.
435 4149 466 4158 -
486 4089 648 4186 cyr-sunere,
669 4119 701 4169 cf.
720 4120 751 4169 Α.
767 4114 793 4180 4,
811 4088 886 4184 5081
919 4116 979 4170 264.
996 4068 1065 4182 05151
1086 4122 1103 4172 1.
1121 4137 1143 4171 5.
1167 4069 1396 4187 0515515511,ἶῖ

216 4191 275 4242 illae
292 4189 389 4253 155551,
415 4189 609 4255 quandoquidem
634 4193 732 4237 constat
755 4187 861 4237 omnium
879 4187 986 4237 maxime
1002 4187 1086 4238 furere
1103 4191 1198 4254 equari
1221 4217 1257 4227 -—
1280 4189 1396 4242 Ceterum

215 4259 248 4310 cf.
266 4259 339 4311 cuc.
357 4258 416 4310 Met.
429 4255 454 4322 3,
465 4253 540 4327 6681
574 4255 634 4309 267.
651 4260 772 4316 55551555,
788 4255 884 4320 μένος,
903 4256 1027 4321 impetum.
1044 4283 1078 4293 -
1096 4255 1215 4320 Glaucus,
1232 4249 1335 4329 Siegpbi
1354 4260 1396 4319 tt,

217 4327 319 4393 Potniia,
336 4328 391 4379 tice
403 4328 526 4390 boeotiae,
545 4341 621 4393 equas
634 4323 726 4386 alebat,
744 4323 833 4388 quibus
845 4322 929 4375 Venus
941 4322 1049 4374 furorem
1060 4325 1150 4387 iniecit,
1167 4332 1197 4376 ut
1214 4325 1293 4392 ipsius
1307 4328 1398 4378 domini

213 4413 306 4464 corpus
323 4397 477 4462 dilaniarent,
496 4397 560 4463 quod
578 4395 610 4446 ab
628 4409 658 4444 eo
671 4390 821 4442 arcebantur
831 4406 848 4441 5
859 4391 934 4442 55115.
974 4388 1034 4443 269.
1052 4391 1205 4462 5.1,103.1
1239 4391 1397 4450 eloam-
