2942 4975
494 299 714 372 ‚AENEIDOS
736 300 817 366 ΜΒ.
839 299 895 366 XI.

190 489 238 554 Ut
258 505 337 553 vero
358 487 486 554 Aeneas
508 484 630 552 foribus
652 504 724 552 sese
745 487 855 552 intulit
876 487 960 568 altis,

191 575 362 656 Ingentem
384 572 540 654 gemitum
562 572 665 636 tunsis
687 573 728 636 ad
750 572 856 638 sidera
878 573 999 638 tollunt

190 658 393 735 Pectoribus,
415 661 603 737 maestoque
623 656 762 738 inmugit
783 658 874 739 regia
894 657 993 723 luctu

106 815 108 818 ,
191 744 280 826 Ipse,
303 746 400 825 caput
421 741 507 806 nivei
527 741 644 806 inltnm
665 742 822 809 Pallantis
845 747 879 807 et
900 761 958 808 ora

121 827 489 908 deminutumque
510 831 625 908 patens
646 827 681 892 in
702 831 835 908 pectore
857 829 971 896 volnus

192 913 339 995 Cuspidis
361 912 536 990 Ausoniae,
558 911 698 978 lacrimis
720 913 767 977 ita
787 911 875 978 istm
898 913 1033 979 obortis:

192 1000 293 1076 Tene,
314 997 431 1078 inquit,
453 996 634 1062 miserande
656 1016 751 1079 puer,
774 1015 845 1063 cum
866 998 954 1064 laeta
973 999 1109 1080 veniret

191 1082 312 1148 Invidit
332 1081 478 1148 Fortuna
497 1082 588 1160 mihi,
610 1101 653 1148 ne
673 1100 775 1164 regna
796 1083 923 1148 videres

190 1168 323 1246 Nostra,
341 1185 450 1248 neque
472 1167 513 1231 ad
535 1167 629 1232 sedes
650 1167 755 1232 victor
775 1169 931 1234 veherere
952 1171 1142 1249 paternosr.

122 1253 170 1318 45
191 1253 264 1317 Non
286 1253 365 1316 haec
386 1251 538 1317 Euandro
562 1251 603 1316 de
626 1256 660 1318 te
680 1253 839 1334 promissa
860 1254 987 1334 parenti

191 1337 370 1402 Discedens
392 1336 560 1414 dederam,
582 1356 655 1402 cum
676 1356 729 1402 me
752 1339 925 1419 conplexus
949 1343 1080 1406 euntem

191 1423 340 1497 Mitteret
361 1422 395 1486 in
416 1440 567 1502 magnum
587 1421 761 1504 inperium,
783 1429 995 1505 metuensque
1018 1430 1184 1501 moneret,-

191 1508 285 1573 Acris
307 1525 378 1572 esse
400 1507 499 1584 viros,
521 1523 594 1571 cum
616 1507 696 1572 dura
717 1509 841 1589 proelia
863 1514 968 1590 gente.

192 1593 237 1659 Et
257 1609 343 1656 nunc
363 1590 420 1656 ille
441 1591 573 1672 quidem
594 1610 652 1674 spe
673 1593 809 1658 multum
833 1597 945 1676 captus
965 1595 1053 1660 inani

125 1677 172 1742 50
192 1677 273 1742 Fors
297 1682 332 1742 et
352 1680 428 1742 vota
448 1675 540 1754 facit,
563 1679 768 1760 cumulatque
791 1678 907 1744 altaria
928 1679 1034 1759 donis3

100 1780 105 1789 ·
192 1762 260 1826 Nos
281 1762 430 1826 iuvenem
452 1761 634 1826 exanimum
656 1768 691 1828 et
712 1762 759 1828 nil
779 1763 844 1830 iam
867 1765 1058 1832 caelestibus
1080 1765 1155 1830 ullis

192 1846 375 1911 Debentem
395 1865 479 1911 vano
501 1848 617 1914 maesti
640 1849 829 1914 comitamur
849 1849 980 1918 honore.

192 1930 323 2010 Infelix,
344 1932 412 1996 nati
434 1930 529 1997 funus
552 1932 683 1997 crudele
704 1933 839 1998 ridebisl

192 2017 236 2081 Hi
256 2016 360 2080 nostri
381 2017 519 2096 reditus,
541 2018 782 2099 exspectatique
805 2019 983 2101 triumphi?

126 2101 172 2168 55
192 2101 281 2165 Haec
302 2119 376 2165 mea
396 2119 513 2182 magna
534 2100 636 2166 fides?
680 2105 725 2167 At
747 2121 824 2182 non,
846 2104 1013 2181 Euandre,
1035 2105 1194 2186 pudendis

192 2185 386 2250 Vulneribus
408 2187 536 2267 pulsum
558 2187 706 2268 aspiciam
728 2206 789 2252 nec
811 2189 933 2270 sospite
956 2188 1060 2254 dirum

194 2270 330 2353 Optabis
350 2275 428 2335 nato
449 2270 546 2336 funus
568 2277 669 2353 pater.
713 2273 777 2338 Hei
799 2273 890 2352 mihi,
912 2277 1067 2354 quantum

191 2354 392 2420 Praesidium
412 2356 556 2421 Ausonia
578 2361 612 2422 et
633 2362 789 2438 quantum
812 2363 848 2423 tu
869 2359 991 2440 perdis,
1013 2359 1095 2425 Iule!

274 2440 365 2506 Haec
385 2440 441 2505 ubi
463 2439 606 2522 deflevit,
629 2443 700 2507 tolli
721 2443 904 2509 miserabile
927 2462 1042 2525 corpus

127 2527 173 2592 60
192 2528 337 2608 inperat,
361 2531 395 2590 et
416 2531 486 2591 toto
509 2527 611 2593 lectos
634 2546 673 2593 ex
696 2528 823 2610 agmine
845 2530 947 2595 mittit

192 2611 283 2676 Mille
305 2611 404 2689 viros,
425 2612 480 2692 qni
502 2630 686 2694 supremum
709 2614 904 2680 comitentur
925 2613 1088 2695 honorem,

193 2696 413 2778 Intersintque
432 2697 536 2777 patris
558 2698 710 2777 lacrimis,
732 2699 848 2765 solatia
870 2701 976 2765 luctus

192 2782 318 2863 Exigua
338 2782 491 2862 ingentis,
513 2781 629 2847 misero
651 2784 710 2848 sed
731 2784 842 2851 debita
862 2786 955 2868 patri.

192 2866 288 2931 Haud
310 2884 426 2946 segnes
448 2867 503 2932 elii
524 2869 622 2933 cratis
646 2874 679 2933 et
700 2871 799 2935 molle
821 2869 976 2938 feretrum

127 2951 172 3016 65
193 2951 346 3016 Arbuteis
368 2956 485 3017 texunt
506 2952 604 3034 virgis
627 2959 662 3018 et
682 2955 799 3019 vimine
822 2974 954 3037 querno,

125 3048 128 3051 ’
191 3037 447 3116 Exstructosqne
468 3040 558 3101 toros
579 3037 716 3103 obtentu
738 3039 860 3105 frondis
881 3041 1074 3106 inumbrant.

192 3121 254 3187 Hic
275 3121 424 3185 iuvenem
446 3123 567 3203 agresti
589 3123 758 3188 sublimem
781 3126 935 3189 stramine
955 3130 1093 3207 ponunt:

195 3207 330 3284 Qualem
351 3206 496 3287 virgineo
520 3208 702 3273 demessum
723 3209 841 3289 pollice
863 3208 976 3273 florem
1023 3280 1028 3289 ¹

194 3292 258 3357 Seu
279 3291 386 3355 mollis
406 3291 524 3370 violae,
546 3311 604 3357 seu
626 3292 809 3374 languentis
831 3294 1002 3375 hyacinthi,

126 3377 171 3441 70
193 3376 251 3442 Oui
273 3394 379 3457 neque
401 3375 509 3457 fulgor
529 3376 634 3442 adhuc
656 3396 717 3442 nec
741 3378 816 3442 dum
838 3396 896 3443 sua
916 3378 1020 3443 forma
1040 3380 1183 3458 recessit,

193 3462 266 3527 Non
288 3461 351 3540 iam
373 3465 478 3526 mater
500 3462 559 3526 alit
580 3463 677 3528 tellus
699 3463 840 3544 virisque
862 3462 1031 3528 ministrat.

193 3546 275 3613 Tum
297 3547 442 3627 geminas
462 3551 571 3611 vestes
593 3566 736 3629 auroque
760 3552 910 3629 ostroque
932 3549 1066 3631 rigentis

191 3632 318 3698 Extulit
337 3633 479 3709 Aeneas,
504 3650 584 3711 quas
605 3632 653 3696 illi
676 3633 764 3698 laeta
784 3634 931 3698 laborum

192 3718 269 3800 Ip'sa
290 3717 356 3781 suis
378 3715 538 3798 qnondam
561 3717 708 3781 manibus
730 3717 863 3783 Sidonia
883 3718 967 3782 Dido

103 3846 130 3911 9,
139 3843 191 3900 217
201 3852 226 3896 ct
236 3840 262 3908 5,
271 3842 321 3896 711
330 3861 383 3911 sqq.
397 3833 456 3898 750.
468 3861 493 3894 ν.
503 3839 528 3907 5,
537 3840 610 3907 7151
627 3841 669 3898 47.
682 3848 710 3895 in
718 3861 753 3898 m.
763 3849 824 3911 inp,
837 3847 870 3895 ud
882 3847 1020 3911 parandum
1032 3862 1147 3910 magnum
1159 3848 1230 3917 impl
1248 3848 1291 3901 50.

104 3917 190 3978 done,
202 3914 317 3980 prosiciis
330 3921 356 3964 ct
368 3911 446 3980 turcl
465 3909 507 3993 52.
521 3928 594 3993 vano,
607 3915 695 3995 quippe
724 3914 750 3964 ul
761 3914 821 3964 nihil
833 3915 913 3980 ipsum
923 3914 1019 3997 iuvet!¹
1032 3912 1075 3965 54.
1087 3918 1179 3979 nostri,
1193 3932 1208 3966 e
1221 3918 1291 3968 nohis

102 3979 477 4117 ¹³·‘0uclstsau
491 3930 725 4049 l
760 3978 1292 4105 {tlslaudaremur

103 4068 202 4187 iiiia}
238 4116 280 4169 67.
299 4122 359 4184 a'gr.
371 4089 486 4182 strena,
508 4088 744 4184 utelhge'uiiences
763 4120 866 4178 herbes;
892 4120 934 4170 Sil.
953 4119 995 4181 10,
1013 4119 1063 4173 561
1083 4137 1120 4188 sq.
1138 4122 1291 4185 „mollesque

102 4192 229 4240 uirenti
250 4190 417 4245 stramine
437 4204 598 4253 composuere
620 4186 732 4253 toros.“l
774 4184 816 4238 69.
838 4204 863 4240 ν.
882 4188 911 4241 Ε.
930 4188 956 4253 5,
973 4186 1007 4241 38
1031 4190 1120 4253 („Pro
1141 4189 1213 4239 molli
1233 4189 1291 4249 v.“)

104 4265 132 4307 et
154 4254 181 4321 6,
203 4253 244 4307 53.
300 4255 341 4309 70.
366 4255 415 4306 Cui
435 4273 462 4306 rr.
477 4257 506 4320 f.
531 4257 605 4320 adh,
629 4258 768 4308 recessit
792 4257 898 4319 scilicet3
921 4272 983 4309 cave
1006 4258 1121 4325 suppleas
1145 4258 1209 4325 est!
1249 4254 1291 4307 72.

104 4329 175 4391 rig,
199 4341 224 4375 v·
266 4321 367 4388 ,lael
403 4320 443 4375 73.
462 4324 532 4375 ueta
549 4326 680 4390 latorum,
701 4333 730 4377 ut
753 4318 837 4390 ἥβης
861 4324 1049 4392 ταρπῆναι,
1066 4325 1094 4375 'et
1111 4322 1141 4374 cl.
1159 4340 1198 4377 vs.
1218 4322 1292 4394 2804

1029 4408 1085 4462 26*
