2942 4975
1227 395 1275 435 vn

90 560 144 639 sit,
167 578 210 625 ne
234 558 402 641 diligentia
424 576 496 623 mea
518 556 728 622 desideretur.
774 555 863 634 Quae
884 557 1005 639 protuli
1026 576 1121 639 nova,
1148 564 1277 641 gratum

90 679 168 743 milri
192 678 263 757 erit,
285 677 313 743 si
334 676 412 743 viris
435 651 547 743 doctis
560 694 625 741 uon
648 674 882 758 displicuerint
904 680 942 741 ut
959 677 1116 743 verasint
1129 683 1276 758 atrecta,

90 815 173 879 quae
188 796 311 879 scripsi,
326 796 438 862 sedulo
454 814 583 877 operam
599 795 681 861 dedi.
706 795 884 861 Aeneidem
898 796 1125 878 magistrorum
1139 797 1277 862 mamma

90 917 204 999 gratie,
226 921 264 982 ut
283 915 408 990 facilius
425 916 600 981 decernere
615 914 748 997 possint,
769 933 849 996 quas
863 916 974 1000 partes
987 916 1021 979 in
1037 915 1154 981 scholis
1168 916 1276 999 potius

90 1036 270 1101 narrandas
299 1036 336 1118 (I.
359 1036 395 1100 A.
419 1035 549 1100 Ernesti
578 1033 723 1115 exemplo
746 1033 885 1101 Praeiat
907 1037 949 1101 ad
971 1034 1061 1101 Ovid.
1083 1055 1104 1100 a
1123 1035 1277 1101 Fischero
1337 1007 1341 1014 ’

91 1157 139 1222 ed.
155 1176 186 1237 p.
202 1156 282 1221 XIII
295 1156 378 1239 sqq.)
402 1174 498 1237 quam
521 1153 716 1220 enarrandas
738 1154 800 1219 sibi
821 1160 958 1237 sumant,
979 1155 1013 1219 in
1027 1155 1167 1221 minutas
1182 1172 1276 1237 quas-

91 1276 166 1341 dam
196 1274 372 1357 particulas
402 1274 570 1357 dispeseui
623 1272 705 1350 Quid
736 1278 862 1355 aptum,
892 1278 1078 1354 venustum,
1111 1273 1277 1357 egregium

88 1392 221 1477 'quoque
244 1394 315 1459 loco
338 1395 381 1459 sit
403 1398 459 1459 aut
482 1397 609 1471 contra,
640 1392 801 1475 explicare
822 1398 860 1458 ut
880 1412 940 1477 pro
961 1394 1091 1462 modulo
1112 1392 1187 1458 talis
1210 1392 1277 1458 edi-

91 1514 190 1579 tionis
220 1532 318 1595 saepe
347 1513 479 1595 longum
510 1498 573 1592 est,
603 1512 651 1578 ita
677 1513 729 1577 vel
759 1513 876 1578 iudicio
898 1490 1038 1595 legentis
1058 1513 1110 1579 vel
1131 1510 1277 1595 magistri

91 1634 183 1699 vivae
198 1633 269 1698 voci
284 1631 543 1714 relinquendum;
558 1633 645 1698 idem
661 1636 771 1697 censet
783 1631 820 1697 G.
833 1631 1026 1701 Schrader
1038 1632 1072 1697 in
1083 1629 1277 1698 Mdtzellii

93 1752 272 1818 Annalibus
292 1752 341 1817 rei
357 1751 621 1833 gymnasiasticae
637 1752 720 1817 1853
736 1771 765 1834 p.
782 1751 858 1832 7233
881 1772 981 1835 quare
1002 1770 1109 1817 meum
1131 1752 1172 1817 de
1194 1751 1278 1816 eius-

94 1872 181 1939 modi
202 1872 299 1953 rebus
322 1870 474 1937 iudicium
500 1890 574 1936 raro
602 1871 794 1954 interposui,
824 1872 920 1954 idque
951 1891 1045 1954 quam
1075 1870 1145 1937 fieri
1171 1870 1278 1953 potuit

94 1992 200 2057 verbis
222 1991 431 2073 paucissimis.
476 1990 750 2073 Interpunctionis
772 1992 875 2057 omnis
894 1992 979 2057 ratio
1000 1991 1119 2074 duplex
1141 1995 1204 2070 est,
1225 1989 1279 2054 vel

96 2130 143 2192 ea,
167 2128 264 2193 quam
288 2096 442 2193 cuiusque
464 2110 592 2193 linguae
614 2110 780 2193 ingenium
802 2112 1018 2191 commendat,
1039 2110 1093 2177 vel
1115 2130 1165 2190 ea,
1195 2128 1280 2193 quae

94 2236 257 2313 tamquam
286 2230 390 2313 imago
419 2234 469 2295 est
497 2234 531 2295 et
558 2231 677 2296 vicaria
706 2231 913 2298 recitationis.
955 2232 1002 2297 Ut
1030 2231 1088 2296 illa
1116 2248 1181 2295 non
1208 2229 1280 2293 sine

96 2351 209 2415 damno
226 2349 409 2416 sententiae
424 2350 629 2431 pervertitur,
649 2351 697 2415 ita
715 2350 795 2416 haec
809 2369 875 2415 non
891 2355 979 2415 caret
993 2348 1122 2432 proprio
1139 2348 1278 2430 quodam

96 2470 275 2550 commodo;
299 2474 395 2552 atque
418 2474 456 2535 ut
475 2470 532 2536 illa
554 2470 803 2538 adolescentulis
825 2470 1008 2553 legentibus
1029 2468 1152 2536 variam
1167 2466 1279 2535 obiicit

96 2589 318 2656 difficultatem
333 2607 527 2671 moramque,
540 2590 596 2656 ita
611 2589 699 2669 haec,
721 2595 885 2672 tamquam
908 2590 1020 2655 audias
1042 2588 1181 2670 aliquem
1196 2587 1278 2652 scite

95 2709 298 2790 recitantem,
329 2709 470 2777 discreta
492 2709 734 2792 distinguenda
764 2710 934 2777 coniuncta
962 2709 1140 2792 copulando
1172 2705 1279 2786 efficit,

96 2834 130 2892 ut
162 2847 277 2894 sensus
310 2827 451 2894 facilius.
469 2846 504 2894 se
537 2829 700 2911 aperiant;
736 2829 793 2895 illa
830 2831 971 2895 rariores
1004 2827 1147 2894 admittit
1177 2827 1279 2892 iuter-

67 2949 297 3030 punctiones,
327 2949 407 3013 haec
436 2949 613 3014 crebriores
642 2949 795 3031 postulat.
839 2948 903 3014 Sed
932 2948 1012 3014 haee
1037 2948 1195 3013 indicasse
1217 2944 1279 3011 hoc

95 3067 163 3132 loco
186 3066 319 3147 sufficit,
341 3068 438 3132 latius
462 3087 623 3151 exponere
646 3087 712 3133 non
735 3072 786 3134 est
808 3086 940 3151 operae;
970 3067 1130 3150 gaudebo,
1158 3051 1185 3130 s'i
1207 3083 1279 3130 eam

96 3187 175 3252 riam
204 3185 348 3251 tenuisse
377 3187 464 3252 visus
496 3205 566 3267 ero,
596 3206 679 3270 quae
707 3187 781 3267 tali,
810 3187 913 3270 qualis
942 3187 1022 3253 haee
1052 3191 1116 3266 est,
1147 3183 1280 3250 editioni

98 3307 231 3371 maxime
261 3307 437 3372 conveniat.
491 3305 561 3373 Nec
590 3307 791 3390 segreganda
819 3306 881 3372 tuit
911 3327 931 3372 a
960 3324 1032 3371 meo
1066 3304 1197 3372 consilio
1226 3322 1280 3368 res

99 3425 218 3504 critica3
241 3443 442 3507 quemquam,
465 3444 547 3507 quae
569 3427 632 3493 huc
652 3427 817 3509 pertinent
836 3426 1049 3508 quaestiones,
1071 3425 1126 3491 alii
1140 3423 1279 3504 tempori

97 3545 211 3627 aliique
240 3545 310 3610 loco
341 3547 555 3611 reservandae
586 3551 694 3628 emnt,
725 3565 786 3611 nec
813 3550 968 3628 poterunt
996 3548 1071 3610 ante
1099 3541 1279 3609 absolutam

99 3664 269 3730 editionem
301 3664 339 3730 ab
371 3663 516 3730 Ottone
544 3665 761 3732 Ribbeckio
789 3666 972 3731 inchoatam
1002 3681 1041 3729 ex
1071 3662 1157 3728 omni
1185 3666 1279 3744 parte

97 3783 225 3850 absolvi.
270 3783 409 3850 Interim
427 3784 565 3866 providi,
592 3789 748 3867 quantum
769 3785 874 3867 potui,
900 3788 938 3849 ut
960 3802 1018 3849 sua
1038 3781 1172 3866 Virgilio
1194 3780 1278 3845 iute-

96 3903 195 3984 gritas
218 3908 396 3984 constaret;
419 3923 456 3969 ac
478 3923 520 3969 ne
541 3923 627 3970 nuno
650 3905 780 3986 quidem
802 3922 893 3969 meae
915 3921 967 3968 me
988 3901 1185 3969 recensionis
1202 3918 1279 3992 pae-

95 4021 186 4088 nitet
223 4023 403 4090 Mauritii
425 4023 587 4106 Hauptii
610 4043 708 4108 opera
722 4024 857 4106 Virgilio
880 4028 1005 4103 navata,
1027 4039 1109 4104 quae
1131 4020 1279 4085 omnibus

95 4147 187 4224 grata
208 4161 280 4208 esse
303 4143 423 4223 debuit,
445 4161 510 4207 nou
531 4143 639 4225 potuit
661 4143 739 4208 milri
761 4162 826 4208 non
849 4159 920 4208 esse
943 4141 1132 4224 gratissima
1176 4138 1281 4204 Multa

93 4260 258 4327 innovam
279 4261 546 4343 disceptationem
565 4262 676 4328 vocari
695 4262 729 4326 in
746 4261 947 4326 Lectionibus
966 4259 1159 4347 Verpilrirm‘e
1171 4257 1279 4324 Philo-

91 4380 164 4464 logo
182 4381 223 4447 ab
239 4381 277 4446 Ε.
295 4382 341 4447 de
354 4381 526 4447 Leutsch
551 4382 637 4448 edito
653 4383 783 4448 insertis
796 4381 1016 4464 snpplement.
1037 4380 1107 4446 Vol.
1122 4380 1146 4444 Ι.
1160 4376 1235 4443 fasc.
1249 4375 1279 4456 3,
