2942 4975
235 325 299 394 256
606 327 641 392 Ρ.
663 326 829 393 VIRGILI
850 266 1043 393 Mascula

436 614 493 726 A
546 609 599 726 E
652 611 709 726 N
762 611 814 726 E
868 610 899 725 Ι
954 611 1012 729 D
1066 610 1118 725 O
1176 610 1275 810 S..

605 805 780 889 arene
812 804 1050 890 sexsus

237 1023 298 1092 (Ad
315 1023 411 1076 Comus
429 1024 541 1092 appulsu
560 1023 644 1074 clusae
655 1028 762 1076 Aeneas
780 1025 838 1075 adit
855 1025 980 1092 templum
990 1024 1120 1091 Apollinis
1131 1025 1304 1095 Sibyllumque
1319 1035 1398 1096 subn,

235 1109 286 1160 qna
298 1095 370 1156 duco,
385 1095 474 1160 patria
488 1095 648 1143 auctoritati
658 1095 804 1155 obsecutus,
822 1094 956 1144 descendit
969 1094 1006 1143 ad
1015 1093 1172 1158 iusseras·—
1189 1094 1242 1146 Res
1257 1099 1396 1162 irqferoruoa

279 1190 314 1199 —
332 1162 462 1212 Anchises
479 1161 554 1210 docet
571 1163 689 1211 Acraeam
707 1177 767 1212 cum
786 1161 841 1211 olio
859 1165 920 1212 tum
930 1163 1002 1226 soto
1016 1162 1108 1229 polluti
1125 1165 1158 1213 ab
1176 1180 1205 1214 oo
1222 1166 1361 1234 cmzdcrrdi.)

321 1365 372 1446 Sic
394 1363 481 1429 fatur
503 1349 687 1444 lacrimans,
712 1365 867 1447 classique
889 1366 1025 1430 inmittit
1045 1366 1195 1450 habenas,

317 1451 362 1516 Et
383 1451 514 1515 tandem
537 1450 687 1516 Euboicis
711 1449 881 1534 Cumarum
904 1451 1067 1516 adlabitur
1088 1453 1161 1518 oris.

322 1536 504 1601 Obvertunt
525 1535 639 1618 pelago
661 1553 786 1618 proras3
809 1541 878 1601 tum
899 1537 996 1602 dente
1019 1538 1125 1609 tenaci

317 1623 445 1687 Ancora
463 1620 622 1686 fundabat
643 1621 748 1698 navis,
770 1625 805 1686 et
825 1622 922 1686 htora
945 1641 1061 1687 curvae

271 1707 294 1774 b
314 1708 512 1781 Praetereunt
533 1723 665 1788 puppes.
708 1706 863 1771 Iuvenum
885 1725 999 1772 manus
1021 1707 1138 1772 emicat
1160 1709 1276 1774 ardens

316 1792 408 1857 Litus
430 1791 464 1855 in
485 1791 689 1876 Hesperium3
712 1793 838 1871 quaerit
859 1811 933 1874 pars
955 1794 1079 1859 semina
1100 1792 1248 1858 flammae
1448 1752 1451 1853 l

316 1875 475 1942 Abstrusa
495 1877 529 1939 in
551 1876 640 1940 venis
663 1875 775 1955 silicis,
797 1896 872 1959 pars
895 1879 995 1942 densa
1016 1877 1158 1943 ferarum
1262 1917 1266 1929 ι

317 1962 418 2027 Tecta
438 1959 523 2042 rapit
545 1959 654 2040 silvas,
674 1961 871 2044 inventaque
891 1962 1023 2028 flumina
1043 1967 1212 2029 monstrat

315 2047 360 2111 At
380 2046 452 2128 pins
473 2048 601 2111 Aeneas
623 2064 727 2125 areca,
750 2047 865 2128 quihus
887 2049 972 2113 altus
993 2049 1109 2130 Apollo

253 2132 294 2196 10
314 2131 496 2211 Praesidet,
518 2131 762 2212 horrendaeque
784 2133 897 2214 procul
918 2139 1046 2199 secreta
1068 2133 1217 2216 Sibyllae,

316 2219 453 2283 Antrum
475 2217 618 2295 inmane,
640 2217 736 2298 petit,
759 2237 907 2299 magnam
929 2220 979 2283 cui
1002 2223 1145 2284 mentem
1167 2219 1360 2302 animumque

316 2301 429 2368 Delius
450 2302 587 2384 inspirat
607 2307 699 2366 vates
721 2303 889 2384 aperitque
910 2303 1028 2369 futura.

315 2389 383 2452 Iam
406 2388 545 2454 subeunt
566 2388 694 2452 Triviae
716 2388 806 2453 lucos
828 2392 926 2470 atque
949 2408 1048 2453 aurea
1070 2393 1166 2453 tecta.

397 2473 572 2553 Daedalus,
595 2478 632 2539 ut
653 2472 739 2539 fama
761 2477 823 2553 est,
845 2473 972 2557 fugiens
993 2474 1116 2540 Minoia
1136 2494 1246 2557 regna,

253 2558 293 2623 15
315 2560 525 2641 Praepetibus
548 2560 661 2641 pennis
683 2578 780 2624 ausus
802 2578 837 2624 se
861 2559 993 2625 credere
1016 2560 1115 2639 caelo,

313 2646 479 2709 Insuetum
501 2644 644 2726 pariter
667 2644 789 2726 gelidas
812 2646 921 2710 enavit
941 2647 982 2710 ad
1004 2644 1130 2725 Arctos,

316 2728 561 2812 Chalcidicaque
583 2729 662 2794 levis
685 2731 816 2795 tandem
837 2749 934 2812 super
956 2731 1082 2796 adstitit
1104 2749 1186 2796 arce.

312 2814 469 2879 Redditus
493 2814 542 2879 his
564 2814 702 2897 primum
725 2815 835 2895 terris,
858 2816 929 2896 tibi,
950 2815 1093 2895 Phoebe,
1115 2814 1255 2881 sacravit

295 2987 425 3035 Aeneld.
444 2988 478 3033 1„
496 2990 553 3035 Vl.
598 2982 691 3036 1--76,
718 2988 824 3036 Aenona
844 2990 871 3036 iu
890 2987 953 3037 litus
972 2986 1124 3037 Cumanum
1140 3002 1269 3052 agressus
1287 2984 1396 3050 templus

227 3052 355 3121 Apollinis
379 3056 540 3119 antrumque
556 3052 669 3119 Sibyllae
689 3056 765 3119 potit3
787 3057 862 3105 bosso
885 3057 917 3104 ab
942 3070 975 3105 aa
992 3070 1072 3106 sacra
1084 3055 1174 3120 facit,
1197 3059 1259 3105 coto
1273 3056 1396 3118 camd

227 3121 402 3189 Scyllamque
425 3126 497 3185 orat,
519 3127 550 3202 at
572 3120 710 3203 oraculum
733 3125 789 3172 cicc
810 3138 868 3173 coco
885 3126 937 3173 cibi
951 3120 1034 3188 adet!
1070 3121 1094 3173 1.
1111 3122 1253 3187 ltcsotw
1270 3122 1303 3172 l..·
1319 3120 1395 3171 simili·

226 3188 958 3324 831.ῗὲἓῖἶὲ111111118819118·
966 3191 1219 3329 attethl:
1234 3188 1263 3309 ῗῖ
1279 3184 1395 3322 {tlh

227 3325 241 3378 7
261 3344 298 3393 sq.
316 3328 374 3378 alii
391 3327 458 3391 ligna
477 3333 652 3392 sarmentaque
670 3328 751 3390 arida,
770 3329 858 3393 quibus
874 3330 954 3394 ignem
972 3329 1098 3392 nutriant,
1116 3329 1207 3395 raptim
1225 3328 1330 3378 collecta
1346 3325 1396 3375 alc·

226 3403 285 3449 runt
301 3412 333 3446 cr
352 3398 443 3458 densa,
467 3410 530 3459 quae
553 3395 587 3445 ihi
607 3401 676 3457 crat,
700 3403 832 3462 propteroa
850 3413 882 3447 ue
905 3396 1013 3448 ferarum
1035 3397 1106 3464 plena
1132 3397 1211 3458 silva,
1237 3396 1269 3446 cl.
1287 3412 1324 3447 va
1342 3390 1396 3448 na

226 3466 284 3515 alii
302 3466 402 3515 inventa
420 3465 518 3515 llurninu
536 3470 687 3527 monstrant,
710 3480 735 3514 v.
755 3462 779 3525 1,
798 3413 856 3516 101.
891 3465 924 3515 Et
945 3467 1016 3529 igne
1039 3466 1149 3529 indigere
1173 3471 1290 3530 poterant
1307 3464 1339 3514 ad
1353 3469 1396 3510 tor·

226 3535 317 3584 rendae
335 3532 437 3598 fruges,
459 3538 487 3583 nt
505 3530 529 3597 1,
549 3529 612 3595 179,
634 3547 717 3597 uque
738 3533 778 3583 vel
802 3534 834 3583 ad
852 3534 1012 3585 lustrationes
1030 3535 1071 3583 val
1089 3535 1123 3583 ad
1140 3532 1204 3583 alios
1221 3549 1293 3583 usus.
1328 3532 1397 3598 (Sunt,

225 3604 267 3666 qui
283 3606 354 3668 rapit
371 3600 480 3652 celerant
497 3602 528 3651 ud
547 3601 624 3651 silvas
642 3602 749 3651 venandi
767 3615 844 3652 cansa
861 3617 1050 3668 percursas,
1068 3603 1132 3667 quod
1149 3608 1217 3652 certo
1234 3616 1250 3651 a
1268 3600 1396 3665 Virgilium

225 3670 410 3733 ‹eonsuetudine¹
424 3666 579 3737 abhorret.)}
614 3666 638 3719 9.
661 3685 750 3732 orcos,
773 3685 798 3719 v.
821 3669 852 3721 G.
876 3668 906 3732 2,
930 3667 989 3721 535.
1023 3670 1087 3720 Erat
1103 3669 1220 3736 templum
1238 3670 1356 3737 Apollinis
1370 3666 1396 3715 cd

225 3737 315 3787 Cumas
333 3739 408 3787 monti
425 3738 572 3805 impositum.
590 3766 624 3775 —
643 3738 726 3801 altus,
749 3744 777 3787 ut
800 3736 841 3802 10,
864 3737 938 3804 8781
974 3736 1177 3789 laborandae
1200 3738 1255 3804 ipso
1279 3740 1395 3804 adspectu,

227 3805 308 3870 qualis
327 3804 412 3855 lurore
430 3813 559 3873 correptae
576 3806 642 3856 vatis
661 3822 717 3857 esse
735 3806 808 3872 solet,
825 3806 856 3857 cf.
874 3822 927 3858 vss.
939 3803 1052 3859 47-51.
1071 3803 1180 3857 ‘tl-80.
1193 3834 1228 3843 -
1239 3811 1337 3857 Aeneas
1352 3816 1398 3853 cun

225 3872 360 3925 comitibus·
378 3874 523 3937 quibusdam
550 3873 602 3941 (vs.
630 3871 665 3925 40
688 3882 713 3925 et
735 3872 781 3938 41)
812 3876 874 3942 petit
899 3875 1017 3942 templum
1043 3882 1204 3940 antrumque,
1231 3874 1349 3941 procul
1372 3871 1397 3919 nl

225 3957 253 3993 ao
277 3942 331 3993 loco
356 3942 417 4004 situ,
440 3944 482 3993 uhi
504 3944 580 3993 ceteri
599 3943 701 3994 Troiani
722 3945 747 3994 in
769 3945 819 3994 alio
841 3945 940 4007 negotio
963 3945 1077 4011 occupati
1102 3942 1200 4005 erant!
1236 3941 1279 3993 11.
1296 3944 1398 3993 maulam

226 4012 405 4075 animumque:
430 4025 524 4074 mens,
548 4014 647 4079 proprie
671 4011 778 4061 facultas
800 4012 964 4076 intelligendi,
988 4013 1023 4061 ita
1050 4027 1105 4061 cum
1123 4011 1225 4062 animo
1244 4011 1398 4075 auunglua

225 4086 253 4129 ut
275 4077 496 4145 comprehendatur
522 4080 598 4129 omnis
622 4081 674 4142 vis,
705 4095 768 4145 quae
790 4080 859 4143 vigel
885 4081 909 4129 in
936 4081 1024 4131 animo.
1055 4096 1156 4145 magm
1179 4086 1263 4130 autem
1286 4081 1324 4129 ita
1344 4076 1399 4128 adii·

224 4148 296 4211 citur,
314 4153 343 4197 ut
359 4145 482 4197 indicetur
499 4154 579 4196 motus
598 4148 670 4197 animi
681 4148 749 4196 ultra
761 4148 862 4198 solitum
873 4150 1026 4212 concitatus3
1045 4149 1197 4212 significatur
1208 4154 1294 4199 autern
1307 4146 1398 4199 lacos

225 4206 349 4284 σιασμός
365 4211 475 4280 vatum!
511 4212 552 4263 13.
578 4229 637 4265 cur.
663 4220 694 4277 t,
718 4216 835 4281 templum
852 4216 973 4283 Apollinis
997 4217 1020 4266 iu
1039 4216 1223 4275 lucollecutae
1241 4232 1262 4267 s.
1282 4206 1400 4279 Triviae!

225 4284 267 4338 16.
286 4285 329 4349 cd,
346 4278 463 4351 verena!
498 4279 538 4333 17.
556 4298 581 4334 v.
599 4297 637 4333 vs.
657 4280 681 4332 2.
699 4311 733 4321 -
752 4284 827 4348 buu,
852 4285 934 4334 avium
952 4286 1098 4351 omninoque
1115 4284 1252 4335 volantium
1269 4291 1297 4335 et
1313 4296 1399 4343 corun,

226 4356 266 4419 qui
284 4353 358 4405 colori
376 4366 450 4404 cursu
468 4350 596 4416 feruntur,
613 4351 749 4418 epitheton,
773 4352 804 4403 cl.
821 4347 846 4417 5,
863 4351 922 4404 819.
946 4350 1005 4404 838.
1027 4350 1069 4418 11,
1087 4348 1162 4417 8681
1197 4349 1238 4403 18.
1257 4351 1399 4404 Prcnoniu·
