2942 4975
574 1252 969 1373 includentur

433 1480 482 1558 m
508 1480 597 1557 um
624 1456 927 1567 uruuinuusoun
952 1478 1116 1556 uuum.

692 1672 847 1687 ΜᾺΛΛΜΛΝῊ

268 1793 293 1869 ξ.
317 1799 344 1855 1.
387 1794 432 1855 De
450 1796 510 1855 vita
523 1794 638 1868 Virgilii
659 1810 712 1853 nec
732 1794 824 1853 multa
844 1794 953 1853 tradita
973 1799 1047 1867 suut,
1068 1810 1121 1853 nac
1135 1792 1263 1853 exomni
1277 1798 1364 1865 parte

181 1884 269 1939 certa.
317 1881 460 1939 Nimirum
492 1880 597 1939 accidit
626 1880 750 1953 Virgilio
781 1880 871 1953 idem,
907 1879 984 1953 quod
1014 1879 1172 1953 plerisque,
1204 1878 1254 1951 qui
1283 1878 1364 1950 apud

182 1963 309 2025 Graecos
323 1966 525 2039 Romanosque
538 1966 584 2025 vel
598 1980 693 2025 rerum
714 1970 859 2039 gestarum
880 1966 974 2039 gloria
994 1966 1041 2025 vel
1062 1965 1223 2024 litterarum
1245 1980 1364 2023 suarum

137 2123 142 2132 Ι
182 2052 370 2109 monumentis
392 2052 464 2109 clari
485 2048 556 2109 iacti
576 2056 649 2109 sunt.
692 2050 761 2109 Non
780 2052 901 2110 multum
922 2051 966 2109 illi
985 2056 1096 2109 veteres
1118 2049 1259 2109 curabant
1279 2066 1364 2107 suam

181 2137 316 2209 cuiusque
336 2137 424 2195 vitam
444 2152 546 2209 resque
561 2136 745 2206 domesticam
767 2153 853 2209 quam
866 2136 985 2209 quisque
998 2135 1030 2193 in
1044 2152 1192 2195 commune
1205 2134 1365 2193 nuliatem

182 2222 339 2293 attulisset,
366 2220 555 2296 quaerebant;
582 2225 679 2281 cetera
700 2221 740 2281 ad
758 2238 790 2279 se
811 2227 862 2281 aut
881 2222 952 2282 nibil
973 2227 1026 2281 aut
1045 2238 1147 2295 parum
1169 2221 1292 2281 attinere
1314 2238 1365 2280 ar·

182 2306 377 2377 bitrabantur;
399 2307 475 2366 unde
489 2305 596 2365 factum
615 2312 666 2379 est,
688 2313 720 2366 ut
742 2308 815 2367 vitas
836 2308 1009 2381 singulorum
1030 2307 1176 2367 bominum
1196 2307 1365 2379 scriptitare

181 2408 240 2451 uon
262 2397 329 2451 ante
350 2392 494 2451 sublatam
515 2392 659 2465 publicam
681 2392 844 2453 libertatem
865 2394 1048 2453 instituerint.

267 2478 358 2538 Natus
377 2484 421 2538 eat
433 2479 466 2538 P.
482 2478 617 2552 Virgilius
633 2478 719 2538 Maro
741 2478 771 2537 in
792 2496 877 2554 pago,
899 2480 947 2554 qui
961 2478 1060 2538 Andes
1075 2478 1175 2550 dictus,
1196 2481 1278 2537 anuo'
1287 2497 1316 2552 p.
1332 2496 1362 2538 u.

181 2579 205 2622 c.
223 2565 285 2625 684
306 2564 380 2624 ldib.
395 2563 512 2623 Octobr.
545 2565 574 2622 Is
588 2580 679 2638 pagus
695 2565 802 2640 (hodie,
823 2571 857 2623 ut
871 2565 1005 2637 creditur,
1026 2563 1181 2639 Pietola)
1201 2580 1259 2622 non
1274 2564 1364 2638 longe

182 2648 308 2706 distabat
330 2665 348 2706 a
368 2650 502 2720 Mantua3
524 2665 612 2722 quare
634 2648 763 2722 fuerunt,
785 2650 835 2724 qni
855 2651 929 2709 bunc
943 2655 1059 2723 poetam
1082 2650 1261 2723 appellarent
1274 2647 1363 2708 Man}

180 2738 304 2791 tuanum.
348 2733 457 2793 Humili
478 2735 555 2792 loco¹
567 2739 646 2794 ortus
668 2739 780 2808 patrem
801 2735 904 2794 habuit
923 2735 1072 2810 Virgilium
1093 2736 1258 2807 Maronem,
1282 2735 1363 2794 colo·

180 2835 246 2876 uum
268 2818 413 2878 Andinum
436 2818 565 2898 (figulum
580 2820 695 2893 quidam
709 2821 756 2880 vel
770 2822 976 2880 mercenarium
990 2819 1077 2880 tuisse
1092 2818 1215 2896 dicunt),
1236 2826 1363 2880 matrem

180 2904 290 2962 Maiam
310 2905 357 2964 uel
376 2905 497 2965 Pollam.
526 2905 614 2964 Pater
636 2912 699 2964 erat
720 2907 763 2965 ita
783 2924 802 2965 a
824 2923 856 2966 re
870 2905 1007 2966 familiari
1028 2908 1194 2979 instructus,
1216 2910 1248 2964 ut
1269 2904 1363 2964 filium

179 2990 303 3062 primum
325 2988 507 3064 Cremonam,
535 2991 639 3049 deinde
659 2991 869 3066 Mediolanum,
896 2993 962 3050 illas
984 2991 1145 3051 Insubrium
1167 2992 1248 3065 quasi
1269 2991 1362 3050 Athe·

179 3091 243 3147 naS,
267 3074 395 3134 discendi
416 3091 503 3134 causa
524 3075 686 3135 deduceret.
731 3078 850 3151 Postea,
879 3083 993 3151 sumpto
1014 3083 1084 3152 toga
1104 3077 1193 3149 uirili,
1221 3077 1361 3151 Virgilius

179 3159 333 3233 Neapolim
355 3177 385 3219 se
407 3161 528 3220 contulit
549 3161 644 3236 ibique
666 3163 855 3222 aParthenio
876 3169 964 3236 poeta
985 3168 1015 3222 et
1028 3163 1223 3238 grammatico,
1247 3161 1361 3221 Graeco

179 3245 306 3319 homine,
335 3245 463 3305 eruditas
486 3251 542 3317 est;
571 3247 637 3306 hinc
659 3247 782 3306 Romam
802 3249 892 3321 uenit,
921 3249 970 3308 ubi
997 3265 1028 3308 se
1053 3247 1085 3307 in
1106 3247 1238 3321 Syronis,
1264 3248 1362 3321 philo·

179 3329 262 3403 sophi
297 3331 444 3405 Epicurei,
480 3332 676 3406 disciplirmm·
695 3334 833 3393 traderet.
888 3333 1055 3392 Putabimus
1087 3332 1175 3406 igitur
1207 3333 1362 3406 Virgilium
1468 3358 1469 3361 ¹

179 3415 319 3490 omnibus,
348 3415 449 3490 quibus
475 3421 535 3476 tum
562 3419 690 3477 iuventus
718 3419 850 3478 Romana
870 3419 1014 3493 impertiri
1038 3418 1164 3491 solebat,
1191 3417 1361 3477 liberalibus

178 3501 289 3560 artibus
310 3501 449 3560 imbutum
467 3500 566 3576 misse,
597 3520 653 3577 quo
675 3505 821 3576 pertinent
842 3506 929 3563 etiam
955 3505 1158 3564 mathematica
1179 3509 1209 3562 et
1229 3503 1360 3577 physica.

178 3585 272 3644 Erant
293 3592 388 3646 autem
409 3593 520 3648 veteres
542 3594 572 3648 et
593 3588 697 3648 Graeci
719 3593 749 3648 et
768 3589 892 3648 Romani
914 3590 944 3648 in
965 3607 1001 3648 ea
1023 3592 1169 3664 opinione,
1199 3594 1231 3646 ut
1250 3587 1361 3648 bonum

177 3676 292 3745 poetam
326 3673 450 3746 plurima
485 3674 559 3732 scire
591 3679 726 3748 oportere
759 3675 967 3746 existimarent3
1001 3691 1054 3735 nec
1085 3680 1240 3750 potuerunt
1272 3675 1362 3733 aliter
1467 3698 1468 3701 ¹

178 3761 317 3831 statuere,
348 3759 397 3830 qui
423 3757 522 3818 Musas
549 3759 640 3833 ipsas,
669 3777 790 3834 quarum
815 3761 931 3820 nomine
955 3761 1161 3819 humanitatem
1188 3776 1223 3819 ac
1250 3758 1362 3818 doctri·
1467 3804 1468 3821 ι

176 3857 243 3900 nam
259 3843 399 3902 contineri
414 3843 514 3902 scribit
529 3844 629 3904 Cicero
646 3845 728 3904 Tusc.
745 3848 774 3918 5,
789 3848 839 3919 23,
854 3836 1142 3922 πολυμαθεστάτας
1156 3862 1217 3904 esse
1231 3853 1360 3903 nossent.

262 3926 331 3986 Cum
354 3930 519 3989 revertisset
540 3946 576 3988 ex
597 3930 676 3989 Urbe
701 3929 844 4004 Virgilius,
869 3949 932 3990 cum
954 3933 1028 4005 aliis,
1050 3938 1083 3990 ut
1102 3931 1224 4004 ridetur,
1246 3930 1360 4004 studiis,

176 4017 236 4070 tum
263 4014 307 4071 rei
335 4014 460 4074 rusticae
488 4014 568 4073 dedit
594 4031 712 4089 operam
740 4021 771 4074 et
796 4018 885 4090 poesi.
928 4017 991 4076 Has
1018 4018 1130 4076 adres
1156 4021 1189 4074 ut
1214 4032 1277 4075 eum
1306 4033 1361 4076 sua
1466 4074 1467 4093 ,

175 4103 280 4156 natura
302 4098 449 4172 rapiebat,
477 4100 519 4159 ita
539 4101 615 4159 ratio
637 4101 822 4174 valetudinis,
850 4100 982 4162 infirmae
1003 4100 1065 4162 iere
1087 4108 1172 4176 atque
1193 4103 1360 4160 inconstan-
1466 4118 1467 4161 ι

175 4185 225 4256 tie,
254 4183 440 4242 abstrahebat
467 4201 485 4242 a
511 4186 637 4259 gerunda
665 4187 723 4246 sive
752 4187 829 4246 domi
855 4188 914 4246 sive
936 4187 1007 4247 foris
1029 4189 1186 4262 republica
1230 4187 1361 4246 Primam

175 4268 230 4328 sibi
257 4267 364 4328 famam
391 4270 537 4342 peperisse
563 4270 676 4330 videtur
704 4287 739 4332 eo
767 4274 906 4346 carmine,
944 4273 1021 4346 quod
1048 4273 1156 4332 Culex
1187 4273 1360 4346 inscriptum

175 4358 253 4428 erat,
276 4355 385 4428 scripto
407 4370 482 4414 anuo
506 4356 567 4416 709
589 4357 635 4416 vel
658 4358 733 4428 710;
756 4357 833 4431 quod
855 4373 911 4431 quo
925 4359 991 4431 plus
1009 4357 1143 4418 laudatur
1164 4374 1183 4416 a
1203 4359 1362 4433 veteribus,
