2942 4975
132 328 156 373 ⁸
217 352 238 416 c
590 348 624 410 r.
647 343 1024 411 mammotrectus

154 592 166 619 ,
260 539 282 603 5
303 536 466 603 Montibus
489 539 522 599 et
544 532 631 597 silvis
653 532 760 597 studio
783 531 926 596 iactabat
946 531 1050 595 inani:

348 622 374 687 0
399 619 536 686 crudelis
559 618 664 695 Alexi,
688 617 768 682 nihil
790 635 862 681 mea
884 616 1024 681 carmina
1046 618 1159 681 curas?

304 706 358 771 Nil
379 705 482 772 nostri
504 704 677 769 miserere?
712 702 793 767 mori
815 720 867 766 me
889 701 1026 782 denique
1050 720 1152 783 coges.

304 791 396 856 Nunc
420 791 517 856 etiam
539 790 678 871 pecudes
700 788 828 852 umbras
852 791 886 851 et
906 786 1027 868 frigora
1049 791 1194 868 captant;

303 876 396 941 Nunc
418 875 528 941 viridis
550 874 646 938 etiam
670 872 833 937 occultant
854 872 980 953 spineta
1000 872 1147 950 lacertos,

242 963 283 1027 10
305 962 463 1043 Thestylis
487 965 521 1025 et
542 958 653 1041 rapido
675 957 769 1023 fessis
792 957 985 1022 messoribus
1007 963 1099 1022 aestu

304 1046 389 1111 Allia
410 1045 647 1129 serpyllumque
668 1043 784 1107 herbas
808 1043 976 1107 contundit
999 1042 1124 1107 olentis.

303 1134 348 1196 At
369 1149 494 1196 mecum
516 1130 633 1205 raucis,
657 1133 713 1194 tua
735 1128 810 1191 dum
832 1128 968 1209 vestigia
989 1128 1101 1204 lustro,

305 1216 378 1281 Sole
401 1216 459 1281 sub
482 1215 608 1280 ardenti
628 1217 781 1279 resonant
803 1213 936 1278 arbusta
957 1213 1081 1277 cicadis.

306 1302 422 1375 Nonne
444 1300 506 1365 luit
527 1300 641 1376 satiuS,
665 1297 768 1363 tristis
790 1297 993 1380 Amaryllidis
1014 1298 1080 1363 iras

243 1387 284 1451 15
305 1387 412 1468 Atque
435 1386 573 1468 superba
593 1384 660 1466 pati
682 1382 831 1448 fastidia?
870 1402 975 1448 noune
998 1383 1186 1448 Menalcan?

306 1471 456 1549 Quamvis
478 1471 534 1535 ille
557 1469 661 1551 niger,
683 1468 827 1550 quamvis
849 1473 886 1532 tu
908 1468 1061 1533 candidus
1084 1486 1179 1533 esses.

306 1556 333 1621 O
356 1556 609 1637 formosepuer,
632 1555 764 1619 nimium
786 1573 828 1619 ne
850 1555 946 1619 crede
968 1553 1080 1619 coloril

304 1641 387 1707 Alba
408 1642 544 1724 ligustra
566 1641 695 1719 cadunt,
717 1639 860 1704 vaccinia
881 1640 973 1720 nigra
993 1639 1153 1720 legrmtur.

305 1728 485 1809 Despectus
507 1726 565 1790 tibi
587 1744 670 1803 sum,
692 1743 766 1804 nec,
788 1725 843 1806 qui
865 1725 938 1802 sim,
961 1725 1101 1805 quaeris,
1123 1724 1223 1803 Alexi,

239 1812 285 1877 20
306 1812 409 1889 Quam
432 1812 520 1877 dives
543 1810 680 1892 pecoris,
703 1808 788 1874 nivei
811 1828 906 1891 quam
927 1808 1022 1874 lactis
1044 1810 1223 1889 abuudaus;

306 1896 396 1962 Mille
418 1915 509 1961 meae
532 1895 646 1960 Siculis
670 1895 833 1961 errantia
856 1895 1017 1959 montibus
1038 1913 1153 1976 aguam

306 1983 372 2046 Lac
393 1982 471 2045 mibi
493 1999 558 2046 non
580 1985 703 2045 aestate
726 1999 857 2058 novum,
879 1999 944 2045 non
966 1977 1085 2062 frigore
1108 1978 1194 2045 defit.

307 2067 422 2145 Canto,
444 2085 526 2148 quae
548 2065 675 2144 solitus,
699 2064 726 2129 si
748 2065 877 2147 quando
899 2074 1042 2130 armenta
1063 2066 1206 2142 vocabat,

305 2153 465 2234 Amphion
486 2152 641 2215 Dircaeus
662 2151 696 2215 in
718 2152 839 2216 Actaeo
861 2149 1054 2233 Aracyntho.

241 2237 284 2302 25
306 2237 374 2302 Nec
397 2255 467 2303 sum
489 2237 570 2301 adeo
591 2234 750 2301 informis:
773 2255 876 2319 nuper
898 2254 949 2299 me
970 2236 1004 2299 in
1026 2235 1122 2301 litore
1145 2234 1217 2312 vidi,

306 2322 385 2387 Cum
407 2322 567 2405 placidum
588 2322 693 2386 ventis
716 2326 818 2387 staret
840 2340 942 2400 mare;
966 2340 1030 2385 non
1054 2339 1113 2400 ego
1136 2320 1297 2402 Daphnim

305 2408 415 2473 Iudice
437 2412 470 2473 te
493 2412 647 2487 metuam3
670 2408 697 2472 si
719 2426 891 2488 numquam
913 2404 996 2470 fallit
1017 2406 1131 2489 imago.

306 2493 333 2558 O
357 2499 482 2560 tantum
504 2493 604 2558 libeat
626 2490 752 2558 mecum
774 2493 833 2558 tibi
855 2492 984 2559 sordida
1005 2511 1081 2557 rura

216 2673 244 2716 et
263 2661 303 2715 18.
314 2665 499 2726 -a'acoads'ta‚
517 2661 656 2732 inornata}
678 2661 702 2715 5.
721 2665 752 2714 cl.
764 2661 805 2726 10,
817 2661 851 2714 32
869 2670 894 2713 et
911 2663 961 2713 rid.
975 2662 999 2727 1,
1011 2659 1053 2713 39.
1071 2691 1105 2700 -
1122 2665 1246 2725 ructabat,
1264 2678 1342 2715 voees
1362 2682 1407 2716 ore

218 2734 324 2784 emissae
341 2733 400 2796 iaci,
418 2733 507 2784 iactari
526 2734 651 2795 dicuntum
671 2733 713 2783 scd
732 2749 757 2783 v.
776 2733 805 2783 A.
825 2730 848 2795 1,
867 2728 940 2800 1021
971 2729 995 2782 7.
1013 2731 1118 2782 Theocr.
1131 2729 1156 2794 3,
1168 2730 1205 2798 9.Ι
1231 2728 1257 2781 8.
1275 2735 1367 2786 ambr.
1380 2740 1406 2785 et

211 2802 271 2866 sc,
289 2799 368 2864 higna
385 2802 542 2864 umbrarum
561 2802 592 2852 cl.
611 2800 641 2852 G.
654 2798 679 2863 3,
691 2798 742 2852 331
755 2798 823 2869 sqq}
848 2798 873 2851 9.
892 2799 996 2853 Tbeocr,
1010 2797 1035 2862 7,
1046 2797 1103 2868 22.Ι
1131 2798 1164 2850 10
1181 2815 1193 2850 s
1211 2839 1217 2850 .
1236 2800 1326 2852 Thest.
1344 2818 1407 2852 con·

219 2870 300 2921 tundit
317 2870 341 2918 iu
359 2871 480 2920 mortario
499 2885 569 2920 acres
588 2871 686 2932 barbas,
705 2876 833 2929 mammas,
851 2877 880 2919 ut
892 2869 999 2930 videtur,
1017 2867 1157 2938 effectura}
1184 2816 1225 2920 13.
1237 2886 1300 2920 cano
1312 2886 1343 2920 eo
1356 2872 1407 2922 diei

218 2945 336 3004 tempore,
354 2953 410 3002 quo,
429 2939 608 3003 quiescentibus
626 2939 714 2988 ceteris
733 2938 888 3001 animalibus,
907 2936 976 2987 solae
993 2937 1093 2988 cicadae
1110 2944 1208 2988 canunt.
1220 2967 1254 2974 —
1275 2942 1323 2988 tua
1335 2939 1363 2990 d.
1383 2954 1407 2992 v.

218 3007 248 3071 t,
268 3007 324 3056 dum
343 3021 477 3072 persequor
494 3007 608 3070 vestigia,
628 3021 675 3072 qua
694 3006 816 3058 incessisti
828 3006 950 3056 dominura
964 3006 1010 3054 bue
1023 3003 1177 3073 amiatae}
1204 3001 1245 3056 15.
1258 3021 1344 3058 nonne
1356 3007 1408 3058 M?

218 3075 359 3140 ecferre,
384 3075 453 3125 cuius
472 3076 538 3126 notio
556 3076 619 3125 inest
637 3077 659 3125 ia
677 3090 825 3141 praegresso
841 3072 923 3142 pati]
955 3070 996 3123 16.
1014 3076 1090 3137 acher
1108 3074 1149 3124 vel
1167 3081 1305 3136 aratura,
1329 3077 1373 3128 vel
1391 3092 1407 3127 a

218 3143 280 3207 sole,
298 3141 329 3192 ci.
343 3140 384 3207 10,
396 3140 455 3212 41.Ι
481 3139 522 3194 lt.
541 3161 572 3194 ne
585 3145 661 3195 crede
673 3145 725 3204 cot,
746 3160 776 3192 nc
793 3143 886 3193 confide
903 3142 1003 3193 candori
1016 3139 1082 3211 tuo]
1109 3139 1149 3193 18.
1163 3145 1270 3203 cadunt,
1288 3145 1408 3195 decidunt

218 3217 244 3260 et
262 3213 341 3262 iacent
359 3213 478 3275 neglecta.
515 3212 650 3277 Qantara,
674 3213 773 3278 placcat
790 3217 815 3262 et
832 3216 976 3276 carpuntur.
1011 3210 1130 3277 Spectant
1147 3213 1207 3262 baec
1225 3212 1258 3262 ad
1275 3227 1316 3262 vs.
1335 3209 1378 3264 16.
1397 3211 1407 3282 Ι

218 3276 329 3330 20-24.
349 3278 452 3331 Theocr.
471 3279 512 3344 11,
525 3277 651 3349 34-38.y
677 3277 718 3332 21.
737 3280 797 3330 lleru
815 3280 838 3330 ia
856 3279 941 3330 Sicilia
959 3279 1008 3342 agi,
1026 3285 1153 3344 pastorum
1171 3279 1322 3331 carminibus
1341 3284 1407 3332 celc-

218 3348 301 3412 brata,
319 3347 388 3412 fingit
400 3347 543 3418 Virgilius}
576 3345 617 3399 24.
631 3349 753 3414 Amphion
766 3349 910 3409 Thebanus,
928 3362 944 3396 a
960 3346 1028 3397 lente
1044 3348 1160 3398 boeotiae
1172 3349 1245 3399 Dirce
1261 3349 1408 3415 appellatus

219 3415 346 3479 Dircaeus,
364 3431 425 3482 puer
442 3432 527 3467 recens
545 3423 618 3467 natus
636 3418 659 3467 iu
679 3417 788 3468 confiniis
805 3417 921 3466 Boeotiae
937 3422 963 3466 et
980 3415 1086 3477 Atticae,
1106 3417 1248 3481 quanetc
1265 3418 1407 3483 antiquitus

218 3487 365 3547 vocabatur,
384 3500 438 3535 curn
457 3484 536 3536 fratrc
553 3485 631 3536 Zetho
649 3486 778 3550 expositus
796 3491 835 3535 est
853 3493 878 3535 et
895 3500 911 3533 a
929 3490 1030 3550 pastore
1047 3485 1174 3535 educatus.
1205 3485 1286 3536 Totus
1305 3501 1407 3550 versus,

218 3559 247 3602 nt
264 3554 334 3603 multi
352 3553 453 3616 similes,
472 3555 513 3620 qui
531 3555 624 3605 blatum
643 3554 734 3604 babent
752 3561 776 3603 ot
793 3553 915 3603 vocabulo
934 3559 1052 3617 quattuor
1070 3553 1224 3620 syllabarum
1243 3555 1407 3618 clauduntur,

218 3621 251 3670 ad
264 3618 383 3672 Graecam
397 3623 515 3672 rationem
530 3619 696 3672 conlocaratus
715 3629 765 3671 est:
775 3615 904 3688 Ἀμφίων
917 3623 1052 3687 Διρκαῖος
1066 3619 1096 3672 ἐν
1106 3612 1405 3690 Ἀκταίῳᾍρακόνθῳ.

217 3687 249 3738 cl.
268 3688 298 3738 A.
316 3687 341 3750 3,
360 3687 392 3740 74
409 3697 434 3740 et
451 3705 476 3740 v.
488 3687 513 3750 6,
524 3687 582 3757 oa}
608 3687 650 3740 25.
669 3690 775 3740 Theocr.
792 3689 817 3752 6,
835 3686 869 3739 34
887 3688 957 3758 sqq}
982 3685 1024 3740 26.
1041 3689 1108 3755 plac.
1126 3695 1193 3741 aaut.
1209 3706 1298 3750 mare,
1320 3694 1405 3744 ventis

218 3755 381 3824 (placidis)
395 3765 510 3823 stratura,
528 3759 559 3808 ci.
572 3760 601 3809 A.
612 3755 637 3821 3,
646 3755 688 3808 69.
706 3755 731 3820 5,
745 3755 795 3810 763
806 3758 941 3822 „placidi
953 3764 1098 3808 straverunt
1110 3773 1219 3824 aequora
1230 3761 1324 3810 venti.“
1342 3761 1405 3812 Hor.

219 3824 266 3875 od.
286 3824 309 3887 1,
328 3823 353 3887 3,
372 3822 405 3876 lo
426 3825 497 3892 „Quo
516 3824 609 3892 (Nato)
628 3842 673 3876 non
692 3827 787 3877 arbiter
805 3827 913 3876 Hadriae
930 3826 1017 3886 maior,
1035 3826 1123 3877 tollere
1141 3825 1252 3945 Quarto
1271 3831 1404 3880 vehemens

218 3891 271 3959 est)
285 3909 328 3944 sen
341 3892 453 3961 (quaudo
465 3893 590 3961 placidus)
604 3909 693 3960 ponere
705 3897 760 3946 vult
772 3895 862 3945 treta.“
881 3894 991 3946 Callistr.
1005 3894 1038 3944 lc.
1052 3891 1092 3946 14.
1106 3912 1129 3962 p.
1205 3890 1238 3957 ,,ὁ
1256 3896 1405 3962 ζέφυρος

219 3961 342 4028 (placidus
360 3961 462 4037 veptus)
485 3954 535 4026 τὴν
557 3954 708 4014 θάλασσαν
730 3954 918 4022 κατευνάζει.“
953 3963 1027 4013 Antb.
1046 3962 1089 4014 Gr.
1109 3963 1138 4015 Τ.
1157 3961 1182 4014 2.
1205 3979 1229 4028 p.
1246 3961 1307 4014 272.
1325 3961 1370 4027 24,
1387 3965 1405 4018 4

218 4027 313 4096 ,κῦμα
331 4028 449 4109 Saturae
466 4022 629 4100 npp'riyrlorc
647 4031 807 4097 Ze‘cpvqoaf‘
842 4029 929 4096 ltaque
949 4031 1024 4096 Soph.
1047 4033 1086 4082 At.
1104 4028 1156 4083 674
1176 4032 1278 4099 scripsit
1299 4033 1405 4091 ‚aaran

218 4099 277 4162 (noa
296 4095 409 4161 δεινῶν)
427 4095 505 4166 rippa
523 4095 697 4165 πνευμάτων
716 4098 844 4167 iactator
864 4101 1000 4151 στένοντα
1019 4092 1156 4151 adrror.“
1168 4129 1200 4140 -
1218 4100 1330 4152 Audeam
1345 4118 1403 4153 cun

218 4166 359 4231 Daphnide,
387 4164 564 4222 formosissima
588 4167 687 4218 Siciliae
714 4175 830 4233 pastore,
857 4175 955 4229 certare
982 4169 1012 4217 dc
1039 4166 1242 4236 pulchritudine}
1276 4167 1319 4220 28.
1339 4169 1404 4222 Sea·

216 4234 309 4286 tentiae
325 4235 361 4284 ita
379 4235 525 4302 procedunt:
549 4237 570 4288 0
587 4235 664 4285 libeat
681 4242 777 4286 tanturn
795 4236 840 4286 tibi
858 4252 951 4286 raecum
968 4237 1021 4286 ruri
1040 4239 1140 4300 degere3
1167 4237 1245 4288 multa
1262 4245 1301 4287 est
1318 4238 1354 4288 ibi
1373 4255 1405 4290 ac

217 4304 290 4353 varia
308 4303 459 4354 iucunditas:
482 4310 570 4354 cantus
594 4305 730 4370 pastoralis
755 4319 793 4353 vs.
812 4301 922 4366 31-39,
947 4320 1048 4356 munera
1071 4313 1212 4355 exsenatu
1230 4320 1269 4356 va.
1287 4304 1403 4368 40-44,

218 4373 292 4424 tlores
308 4387 340 4426 ac
356 4382 431 4438 poma
448 4386 486 4422 va.
498 4367 609 4424 46-55.
626 4400 660 4410 —
677 4372 794 4435 sordida,
812 4387 875 4438 qnae
892 4380 929 4436 tu,
947 4373 1036 4440 quippe
1053 4374 1121 4424 cultu
1137 4374 1248 4429 urbanae
1266 4376 1405 4427 munditiae
