2942 4975
205 327 270 393 aas
574 327 609 392 r.
631 305 796 392 tracum
818 321 1008 434 ursonis

205 515 330 581 48015
351 515 500 581 Pallanta
521 514 575 578 diu
596 514 715 578 librans
736 514 826 593 iacit,
848 519 946 596 atque
967 516 1015 580 ita
1035 514 1136 581 fatur:

291 600 419 682 Aspice,
440 617 517 664 num
538 617 630 681 mage
652 600 695 664 sit
716 605 861 664 nostrum
883 601 1082 681 penetrabile
1104 603 1214 668 telum.

291 687 436 764 Dixerat3
459 689 493 750 at
515 685 665 767 clipeum,
687 689 736 749 tot
757 683 836 749 ferri
857 690 963 768 terga,
986 691 1036 750 tot
1057 686 1148 767 aeria,

292 771 392 848 Quem
414 770 507 852 pellis
529 770 648 834 totiens
669 770 767 834 obeat
789 770 984 836 circumdata
1005 772 1097 851 tauri,

291 856 437 922 Vibranti
459 855 565 937 cuspis
585 855 725 920 medium
747 856 986 921 transverberat
1007 856 1082 936 ictu,

205 941 270 1008 485
290 941 487 1022 Loricaeque
509 959 614 1005 moras
636 945 669 1004 et
690 946 803 1022 pectus
825 939 968 1023 perforat
989 941 1110 1024 ingens.
1139 969 1142 979 r

291 1027 351 1091 Ille
372 1026 457 1108 rapit
479 1026 630 1092 calidum·
637 1024 758 1090 frustra
779 1026 819 1090 de
840 1027 972 1092 volnere
994 1027 1111 1091 telum:

290 1113 364 1178 Una
386 1112 561 1191 eademque
581 1110 634 1174 via
653 1111 783 1193 sanguis
805 1111 992 1193 animusque
1015 1117 1200 1193 sequuntur.

292 1195 419 1262 Corruit
440 1196 473 1259 in
495 1195 622 1274 volnus3
644 1196 784 1260 sonitum
807 1214 903 1278 super
925 1215 1013 1262 arma
1035 1197 1167 1277 dedere3

291 1282 335 1347 Et
355 1287 475 1346 terram
496 1281 645 1345 hostilem
666 1281 806 1345 moriens
827 1281 911 1364 petit
933 1301 988 1347 ore
1013 1288 1154 1348 cruento.

204 1368 270 1433 490
291 1366 392 1445 Quem
415 1367 541 1430 Turnus
563 1383 659 1448 super
681 1366 851 1430 adsistens:

290 1453 445 1531 Arcades,
467 1452 558 1531 haec,
578 1451 696 1533 inquit,
717 1469 875 1516 memores
896 1470 968 1517 mea
990 1453 1076 1518 dicta
1097 1453 1218 1520 referte

291 1537 455 1602 Euandro:
478 1537 611 1614 Qualem
632 1537 762 1615 meruit,
784 1536 932 1602 Pallanta
952 1538 1090 1603 remitto.

293 1623 441 1704 Quisquis
462 1622 563 1687 honos
585 1622 711 1701 tumuli,
734 1621 887 1703 quidquid
910 1623 1052 1688 solamen
1074 1623 1225 1689 humandi
1249 1630 1308 1705 est,

290 1706 433 1789 Largior.
475 1708 569 1772 Haud
590 1706 638 1771 illi
660 1707 792 1771 stabunt
812 1707 935 1773 Aeneia
956 1727 1054 1790 parvo
1304 1725 1310 1746 ⁸

206 1792 270 1859 495
292 1793 447 1874 Hospitia
490 1792 535 1855 Et
554 1792 647 1856 laevo
668 1793 787 1873 pressit
808 1793 903 1873 pede,
925 1793 1004 1858 talia
1025 1793 1119 1873 fatus

291 1877 489 1954 Exanimem,
511 1875 638 1957 rapiens
659 1876 799 1940 inmania
820 1880 963 1959 pondera
984 1879 1082 1943 baltei

292 1964 538 2045 Inpressumque
559 1958 664 2024 nefas:
685 1962 831 2026 unasub
852 1968 948 2028 nocte
968 1963 1068 2045 iugali

293 2048 394 2112 Caesa
414 2063 527 2110 manus
548 2046 697 2110 iuvenum
719 2045 826 2132 foede,
849 2047 1043 2130 thalamique
1067 2049 1205 2130 cruenti3
1263 2125 1265 2128 ,

293 2133 381 2210 Quae
403 2130 521 2196 Clonus
543 2131 714 2213 Eurytides
735 2131 838 2196 multo
862 2133 1041 2199 caelaverat
1063 2152 1154 2214 auro;
1223 2131 1226 2135 ’

206 2218 271 2284 500
293 2219 362 2296 Quo
384 2235 468 2281 nunc
490 2217 617 2281 Tamus
639 2221 713 2280 ovat
734 2217 836 2298 spolio
859 2219 1040 2299 gaudetque
1062 2220 1190 2301 potitus.

291 2304 408 2369 Nescia
428 2319 518 2366 mens
540 2302 702 2366 hominnm
723 2301 782 2366 fati
803 2302 962 2383 sortisque
984 2303 1119 2384 futurae,

291 2391 335 2454 Et
357 2405 484 2462 serrare
506 2389 649 2466 modum,
670 2387 767 2452 rebus
790 2386 916 2451 sublata
938 2389 1098 2454 secundis!

293 2475 400 2541 Turno
423 2478 548 2555 tempus
571 2472 645 2553 erit,
671 2492 788 2555 magno
812 2492 882 2537 cum
905 2473 1063 2555 optaverit
1086 2480 1227 2557 emptum

291 2562 451 2626 Intactum
473 2560 620 2624 Pallanta
641 2564 675 2623 et
698 2577 769 2622 cum
792 2559 894 2640 spolia
915 2558 978 2623 ista
1000 2558 1146 2641 diemque
1197 2570 1201 2575 ’

206 2645 270 2711 505
292 2646 414 2711 Oderit.
457 2646 501 2708 nt
522 2644 599 2709 socii
620 2644 722 2708 multo
746 2644 867 2725 gemitu
888 2644 1090 2725 lacrimisque

292 2731 469 2813 Inpositam
491 2734 581 2794 scuto
604 2729 749 2793 referunt
770 2729 918 2793 Pallanta
938 2728 1133 2811 frequentes,

293 2816 319 2881 0
343 2816 433 2881 dolor
455 2818 552 2894 atque
574 2814 671 2878 decus
692 2832 842 2895 magnum
865 2814 1007 2879 rediture
1030 2816 1169 2896 parenti!

291 2901 380 2965 Haec
402 2905 435 2964 te
457 2899 560 2981 prima
580 2898 648 2963 dies
670 2899 756 2963 bello
780 2899 880 2979 dedit,
902 2900 982 2964 haec
1005 2901 1115 2964 eadem
1136 2901 1248 2981 aufert,

293 2987 371 3050 Cum
393 2989 501 3049 tamen
521 2984 660 3065 ingentis
681 2984 873 3048 Rutulorum
893 2984 1011 3066 linquis
1033 2988 1176 3051 acervos!

207 3069 271 3136 510
377 3070 445 3134 Nec
466 3069 529 3133 iam
551 3068 636 3134 fama
657 3070 732 3133 mali
755 3070 849 3148 tanti,
872 3070 928 3135 sed
952 3070 1070 3134 certior
1090 3076 1201 3136 auctor

292 3156 430 3222 Advolat
449 3157 592 3236 Aeneae,
614 3155 703 3219 tenui
725 3154 905 3220 discrimine
928 3156 985 3220 leti

291 3243 372 3324 Esse
394 3258 480 3321 suos,
503 3240 763 3323 tempranensis
785 3258 970 3305 succurrere
987 3240 1133 3305 ¹Teucris.

291 3329 448 3392 Proxuma
470 3344 614 3408 quaeque
636 3326 730 3390 metit
752 3325 856 3407 gladio
878 3327 1041 3407 latumque
1064 3344 1123 3408 per
1138 3344 1258 3407 agmen

292 3414 418 3479 Ardens
440 3412 574 3476 limitem
596 3411 663 3492 agit
684 3410 784 3490 ferro,
807 3416 853 3489 te,
876 3412 994 3491 Turne,
1017 3411 1189 3493 superbum

209 3602 355 3670 ἐπέγραψε
382 3598 433 3651 τοῦ
461 3591 614 3667 σώματος]
667 3595 718 3649 482
742 3612 778 3663 sq.
813 3598 871 3648 licet
898 3605 936 3647 tot
964 3598 1023 3649 ferri
1049 3600 1163 3665 aerisque
1194 3600 1308 3665 laminis,
1343 3610 1377 3653 tot

208 3672 281 3722 coriis
304 3677 425 3734 constet!
471 3667 530 3719 488.
558 3660 703 3744 ,ἀράβησε
727 3663 761 3716 δὲ
784 3658 872 3733 τεύχε’
898 3658 940 3717 ἐπ’
965 3661 1079 3732 αὐτῷ.“Ι
1118 3666 1177 3719 489.
1201 3668 1232 3718 cf.
1257 3670 1327 3720 Hom,
1350 3672 1375 3722 ΙΙ,
1464 3702 1465 3709 ,

209 3738 254 3801 11,
273 3735 330 3789 749.
384 3735 443 3787 490.
465 3729 538 3798 „leil
561 3736 592 3786 lv
615 3738 736 3797 otqdooc
757 3736 904 3804 pulvwrf‘l
943 3732 1003 3787 492.
1026 3740 1135 3800 meruit,
1162 3752 1196 3787 sc.
1218 3745 1247 3787 ut
1270 3739 1317 3788 sibi
1339 3756 1376 3791 re-

208 3809 336 3858 mitterem.
388 3801 448 3857 495.
471 3806 516 3869 Et,
544 3820 569 3854 v.
592 3800 622 3868 5,
643 3800 715 3871 5041
759 3800 818 3854 496.
839 3804 931 3867 baltei,
958 3820 982 3854 v.
1005 3805 1034 3855 Ε.
1057 3804 1085 3869 6,
1111 3802 1167 3863 78.Ι
1210 3802 1270 3856 498.
1296 3806 1376 3859 Caesa

207 3892 306 3928 munos
375 3875 488 3923 tholam
508 3877 614 3924 maenti
635 3879 702 3923 rcctc
723 3872 883 3937 consultoque
910 3874 1008 3941 scripsit
1034 3880 1120 3939 poeta,
1148 3876 1163 3923 i.
1187 3890 1207 3923 a.
1232 3875 1376 3941 impressum

135 3943 139 3949 “
208 3953 291 3998 nutem
313 3943 450 4011 (cadalum
470 3943 494 3991 in
522 3942 614 4008 balteo)
641 3940 711 3991 nolas
735 3940 784 3991 suit
808 3955 900 3991 caesa
928 3955 1034 3993 manus
1058 3947 1117 4000 cel.;
1149 3944 1311 4006 grammatica
1336 3946 1375 3994 lux

208 4015 318 4083 postulat
335 4013 512 4072 Accusativos3
534 4018 560 4060 ct
575 4026 600 4060 v.
618 4007 644 4074 l,
662 4006 720 4060 741.
738 4036 772 4045 -
793 4009 945 4071 significatur
968 4008 1061 4061 facinus
1083 4011 1228 4061 Danaidum.
1261 4010 1336 4064 -500
1351 4030 1374 4063 r.

210 4084 239 4137 G.
257 4082 283 4148 2,
300 4076 373 4199 5101
406 4076 465 4130 503.
483 4078 621 4143 despicitur
638 4079 670 4128 ad
682 4075 723 4141 12,
735 4074 787 4127 940
798 4092 850 4141 sqq.
868 4077 1001 4128 Praeterea
1020 4079 1050 4129 cf.
1063 4077 1088 4143 2,
1099 4076 1169 4140 1041
1205 4076 1239 4131 50
1258 4117 1264 4128 .
1283 4085 1375 4146 tamen,

208 4170 234 4205 v.
246 4153 276 4203 Ε.
287 4148 330 4215 10,
341 4146 358 4199 3
376 4144 412 4216 ,ΙΙ
446 4142 589 4197 510-605.
607 4151 708 4197 Aeneas
725 4144 788 4195 dum
799 4144 892 4193 audita
904 4148 981 4198 caedo
993 4147 1122 4198 Pallantia
1138 4146 1257 4198 Turnum
1267 4154 1375 4214 quaerit,

209 4223 302 4274 mullos
319 4222 389 4271 vivos
408 4218 491 4283 cupit,
514 4214 627 4278 trasarius
645 4213 772 4276 Pallanti,
796 4212 889 4262 multos
906 4214 1049 4279 interirrril3
1072 4220 1201 4283 postremo
1217 4219 1263 4282 qui
1279 4219 1376 4268 obsessi

202 4292 320 4357 suoram
346 4286 467 4348 Troiani,
493 4285 632 4348 erumpunt
653 4281 776 4348 carmel
808 4278 866 4332 511.
890 4285 939 4333 tan.
962 4282 1040 4334 discr.
1062 4285 1079 4336 l.
1101 4302 1122 4335 e.
1147 4302 1181 4347 a,
1205 4300 1252 4335 nen
1274 4285 1374 4335 multum

210 4362 299 4416 abesae
316 4373 331 4410 u
348 4364 436 4420 morte,
454 4355 515 4418 sive,
532 4358 561 4403 ut
573 4352 610 4401 uit
620 4348 740 4413 Donatus,
755 4351 820 4399 inter
836 4349 903 4416 ipsos
921 4358 945 4401 ct
962 4358 1065 4405 mortam
1082 4354 1202 4403 modicum
1220 4368 1276 4404 ease
1294 4369 1375 4404 morae
1463 4406 1464 4415 ἵ
