2942 4975
196 350 260 417 am
453 295 459 307 ’
564 350 599 451 r.
620 346 785 415 vincum
805 346 996 416 umoris

363 536 508 620 Iuppiter
529 536 607 602 haec
629 535 752 619 paucis;
775 540 809 602 at
830 555 894 601 non
916 536 1024 601 Venus
1046 552 1146 598 aurea
1166 537 1298 610 contra,

280 623 388 689 Pauca
407 622 521 689 refert:
1229 628 1236 643 ‘

282 708 308 774 0
331 709 440 789 Pater,
462 727 481 774 o
502 706 664 772 hominum
687 724 858 787 rerumque
879 709 1013 770 aeterna
1033 703 1190 787 potestas!

283 793 429 875 Namque
451 793 537 859 aliud
558 792 634 873 quid
656 791 710 871 sit,
733 790 903 873 quodiam
924 791 1085 873 inplorare
1107 788 1283 870 queamus?

217 877 261 943 20
283 878 408 958 Cernis,
429 882 466 942 ut
486 876 651 943 insultent
665 876 776 942 Rutuli
799 876 988 957 Turnusque
1009 874 1133 939 feratur

281 964 344 1029 Per
365 963 487 1029 medios
508 962 640 1045 insignis
663 961 752 1043 equis
774 962 978 1043 tumidusque
999 960 1139 1026 secundo

280 1049 385 1114 Marte
406 1049 499 1113 ruat?
544 1048 616 1113 Non
640 1047 748 1111 clausa
769 1046 968 1128 legantium
989 1046 1116 1110 moenia
1138 1044 1298 1109 Teucros:

282 1134 364 1211 Quin
386 1133 472 1198 intra
492 1138 601 1215 portas
624 1137 720 1213 atque
741 1132 818 1215 ipsis
839 1132 963 1213 proelia
982 1131 1118 1196 miscent

281 1218 461 1301 Aggeribus
483 1237 644 1283 murorum
667 1221 701 1282 et
720 1217 879 1282 inundant
900 1216 1053 1298 sanguine
1075 1214 1189 1282 fossae.

217 1304 259 1370 25
280 1305 408 1370 Aeneas
428 1303 559 1385 ignarus
581 1303 680 1368 abest.
721 1302 944 1383 Numquamne
964 1301 1064 1367 levari

281 1388 453 1454 Obsidione
476 1388 582 1454 sines?
615 1388 714 1452 muris
735 1388 853 1452 iterum
875 1387 1020 1451 imminet
1039 1385 1140 1452 hostis

279 1474 448 1540 Nascentis
471 1474 598 1555 Troiae,
621 1492 765 1538 necnon
789 1472 947 1537 exercitus
969 1472 1066 1551 altem

280 1560 386 1641 Atque
408 1560 525 1625 iterum
546 1560 579 1625 in
603 1560 744 1625 Teucros
765 1558 895 1623 Aetolis
912 1562 1022 1639 surget
1044 1556 1083 1622 ab
1105 1554 1201 1637 Arpis

281 1644 427 1726 Tydides.
471 1644 628 1725 Equidem
652 1643 759 1723 credo,
782 1662 854 1708 mea
874 1643 1006 1708 volnera
1027 1645 1152 1706 restant

170 1728 174 1738 '
216 1729 259 1796 30
280 1730 324 1795 Et
346 1734 402 1794 tua
423 1729 592 1812 progenies
613 1728 763 1793 mortalia
784 1729 933 1794 demoror
955 1728 1054 1793 armai

281 1814 315 1879 Si
337 1816 404 1879 sine
426 1832 505 1896 pace
527 1817 583 1879 tua
605 1818 702 1894 atque
723 1814 824 1879 invito
846 1814 976 1877 numine
999 1814 1099 1878 Troes

278 1900 405 1965 Italiam
426 1899 564 1981 petiere:
585 1899 676 1979 luant
697 1904 842 1981 peccata,
863 1916 968 1979 neque
989 1898 1062 1963 illos

280 1984 402 2049 Iuvenis
425 1984 555 2063 auxili03
578 1984 627 2048 sin
649 1988 699 2049 tot
720 2002 874 2065 responsa
896 1984 1017 2069 secuti,

281 2071 368 2148 Quae
391 2069 505 2152 Superi
526 2068 702 2151 Manesque
726 2070 856 2135 dabant:
880 2088 937 2134 cur
957 2085 1042 2134 nunc
1063 2071 1120 2132 tua
1141 2065 1313 2147 quisquam

217 2153 259 2221 35
280 2154 417 2221 Vertere
438 2156 525 2241 iussa
545 2157 674 2237 potest?
708 2160 764 2219 aut
787 2173 844 2219 cur
865 2174 948 2219 nova
970 2153 1107 2219 condere
1129 2150 1218 2217 fata?

281 2240 363 2318 Quid
385 2245 529 2326 repetam
552 2245 680 2305 exustas
702 2239 839 2322 Erycino
862 2240 896 2304 in
917 2229 1011 2305 litore
1034 2236 1166 2302 classis?

282 2326 364 2404 Quid
386 2330 613 2407 tempestatum
634 2344 756 2405 regem,
778 2329 962 2406 ventosque¹
977 2322 1114 2388 furentis

280 2411 392 2477 Aeolia
415 2411 555 2475 excitos?
589 2417 645 2475 aut
667 2415 771 2475 actam
793 2410 930 2475 nubibus
952 2410 1051 2475 Irim?

222 2503 237 2516 '
280 2497 373 2576 Nunc
397 2497 492 2562 etiam
514 2497 618 2562 Manis
643 2533 681 2543 —
704 2498 785 2562 haec
805 2496 997 2578 intemptata
1018 2493 1169 2560 manebat

217 2583 261 2648 40
282 2583 358 2648 Sors
380 2601 488 2647 rerum
509 2619 551 2629 —
572 2587 694 2660 movet,
717 2587 751 2646 et
773 2582 896 2664 superis
918 2581 1049 2647 inmissa
1070 2580 1205 2661 repente

281 2668 421 2746 Allecto,
443 2667 564 2732 medias
585 2667 702 2733 Italum
724 2667 879 2732 bacchata
900 2686 958 2749 per
979 2667 1083 2731 urbes.
1173 2721 1179 2730 .

282 2753 336 2819 Nil
358 2769 454 2834 super
475 2752 597 2834 inperio
620 2769 763 2834 moveor3
785 2753 982 2834 speravimus
1003 2752 1074 2829 ista,

281 2838 365 2903 Dum
381 2836 515 2902 'fortuna
535 2836 610 2917 fuit;
631 2837 774 2916 vincant,
797 2856 876 2920 quos
897 2839 1027 2902 vincere
1047 2834 1155 2901 mavis.

282 2921 317 2988 st
338 2923 427 2987 nulla
450 2926 500 2998 est
521 2923 624 3005 regio,
648 2922 779 2988 Teucris
801 2941 896 3004 quem
918 2924 975 2988 det
996 2927 1052 2987 tua
1073 2919 1211 2986 coniunx
1278 2921 1281 2926 ’

129 3111 133 3134 .
198 3078 299 3139 scutitc3
318 3075 518 3143 namplacr'ta
537 3075 659 3138 dicuntur,
677 3077 700 3125 in
720 3071 988 3144 quaeconsensirnus,1
1022 3074 1063 3128 16.
1089 3077 1113 3127 V.
1132 3090 1200 3136 our„
1219 3068 1380 3120 etflomll.

196 3145 222 3212 3,
241 3141 297 3215 644
336 3141 377 3196 18.
399 3149 503 3211 potest,
531 3145 643 3195 similiter
665 3143 758 3210 luuran.v
774 3141 820 3208 10,
844 3142 895 3196 100
920 3144 1084 3205 „Fidenarum
1108 3141 1293 3205 Gabiorumque
1319 3153 1381 3189 esse

318 3216 333 3241 ιι
1239 3209 1254 3222 ··

197 3221 384 3347 titillor]
403 3207 803 3348 ltfutortttllttrt
822 3208 1377 3345 stradldltmttqsm

197 3360 279 3404 tamen
301 3349 392 3401 lactum
413 3365 459 3399 non
484 3355 534 3410 ost,
559 3349 589 3399 ol.
613 3347 654 3411 11,
677 3346 728 3402 225
746 3365 798 3414 sqq.
828 3379 851 3386 -
868 3350 983 3412 Aetolis,
1007 3351 1064 3414 quia
1086 3351 1139 3415 ipse
1163 3347 1294 3397 Diomedes
1318 3348 1380 3393 erat

198 3419 322 3477 Aetolus}
357 3415 399 3470 30.
417 3424 442 3467 et
459 3431 503 3480 ego
521 3433 615 3468 moram
632 3417 695 3467 facio
713 3417 788 3481 bello,
805 3419 893 3484 quippe
908 3435 954 3468 non
968 3419 1135 3480 desaevituro,
1152 3416 1295 3482 priusquam
1309 3411 1375 3478 ipsa,

198 3491 249 3541 ntia
272 3495 316 3539 tua
339 3490 378 3550 (ut
394 3487 452 3535 olim
469 3487 502 3536 ad
519 3486 633 3550 Troiam,
653 3487 721 3536 llom.
740 3484 768 3536 ll.
786 3484 812 3550 b,
829 3484 991 3551 ssa-336),
1014 3486 1153 3536 mortalium
1176 3495 1303 3534 armorum
1323 3479 1378 3529 vim

199 3556 321 3620 sensero}
354 3550 397 3604 34.
415 3553 511 3616 Manes,
529 3561 558 3604 ut
574 3553 600 3617 2,
616 3551 668 3605 294
686 3570 722 3619 sq.
742 3551 792 3605 780
809 3571 861 3620 sqq.
879 3554 903 3619 5,
922 3552 973 3607 729
990 3553 1059 3621 sqq!
1092 3550 1135 3604 38.
1151 3556 1202 3602 aot.
1221 3552 1280 3601 nub.
1292 3549 1377 3599 Imm.-

199 3640 261 3676 cave
279 3625 340 3674 haec
358 3623 446 3672 ad-vs.
465 3621 482 3672 2
509 3623 567 3673 libri
584 3623 653 3672 noni
671 3621 779 3685 reiorum
798 3623 857 3673 illud
876 3624 947 3686 euim,
966 3625 1029 3689 quod
1047 3623 1183 3683 subiicitur,
1201 3616 1377 3672 Numestium

199 3708 251 3746 rem
269 3698 426 3757 postremo
447 3689 520 3758 (ergo
539 3697 608 3758 post
632 3705 676 3755 ea,
699 3705 762 3756 quae
785 3699 952 3742 memorantur
969 3708 1007 3743 vs.
1025 3685 1141 3758 36—38)
1159 3687 1248 3739 iactam
1267 3686 1381 3747 indicat,-

201 3767 228 3812 ιι
249 3759 344 3809 Allecto
372 3759 477 3810 excitem
504 3759 606 3824 legimus
629 3759 692 3809 libro
714 3760 852 3826 septimo.
894 3761 985 3812 Seriem
1013 3775 1097 3810 rerum
1119 3759 1140 3808 si
1162 3757 1231 3821 sequi
1252 3753 1378 3816 voluisset

199 3834 283 3897 poeta,
300 3827 335 3876 sic
353 3827 488 3878 ordinanda
507 3830 567 3879 haec
584 3835 666 3878 erant:
685 3831 873 3895 tempestatum
889 3845 980 3896 rogem
993 3826 1061 3893 1,51
1074 3843 1135 3893 sqq,
1154 3830 1243 3876 aelam
1261 3823 1378 3874 naudus

199 3898 266 3950 Irim
282 3892 306 3959 ὃ,
325 3890 388 3960 606,
412 3903 523 3948 eaustus
540 3895 571 3946 ll.
590 3899 617 3948 r'n
636 3896 650 3946 l.
669 3913 748 3948 aanor
772 3892 798 3960 5,
815 3894 867 3949 660
884 3913 936 3963 sqq.
971 3897 1089 3948 Similiter
1112 3909 1178 3959 quae¹
1194 3891 1223 3942 E.
1242 3887 1269 3955 6,
1285 3888 1320 3943 41
1338 3903 1377 3954 sq.

199 3970 375 4034 proponuntur,
393 3962 428 4012 sic
446 3979 472 4014 se
488 3965 602 4031 deinceps
619 3965 756 4031 excipiunt:
773 3981 857 4030 regna
868 3963 1003 4029 Satumria,
1018 3965 1115 4032 lapidos
1126 3960 1381 4030 &almasanum

199 4031 357 4092 Arouarnoi,
377 4029 518 4082 Caucasias
535 4033 657 4084 volucres.
691 4033 786 4098 Nempe
802 4039 939 4099 temporum
956 4034 1031 4097 ordo,
1055 4034 1076 4083 si
1093 4048 1140 4083 non
1157 4031 1212 4096 ipsa
1230 4044 1271 4078 res
1289 4027 1383 4090 exiffl't,

200 4109 230 4154 ut
247 4105 374 4161 servetur,
392 4112 466 4165 saepe
483 4101 614 4166 negligitur
631 4117 676 4152 non
695 4102 774 4151 solum
792 4114 807 4150 a
826 4102 916 4167 poetis,
939 4103 982 4152 sed
1004 4103 1078 4152 etiam
1101 4101 1132 4152 ab
1154 4097 1291 4160 historicis,
1313 4093 1377 4146 Tac.

200 4171 264 4222 llist.
282 4168 306 4231 1,
323 4163 357 4218 50
373 4165 552 4230 „Plarsallarm
569 4167 708 4236 Philippos,
724 4165 900 4233 Perusiam,
917 4158 1105 4237 mutinensi
1137 4162 1180 4218 40.
1192 4169 1289 4236 ,movet
1306 4163 1377 4222 luno,

202 4252 265 4306 quae
282 4251 321 4286 vs.
338 4231 372 4287 34
393 4249 447 4285 voc.
470 4240 608 4302 quosquam
625 4237 798 4301 significatura!
832 4234 873 4287 41.
891 4237 994 4289 Servius
1016 4237 1203 4302 ‚stoechade
1218 4249 1243 4302 p.
1262 4233 1380 4283 urbes.-

201 4306 320 4374 perlurit3
339 4312 365 4355 et
380 4303 440 4356 bene
457 4305 590 4368 bacchata,
624 4306 665 4355 uia
683 4322 727 4372 per
744 4304 922 4357 simulationem
940 4321 1067 4358 sacrorum
1081 4305 1166 4356 Liberi
1183 4301 1262 4370 patris
1279 4306 1383 4350 matres

199 4381 289 4440 egerat
305 4374 329 4424 iu
346 4372 479 4425 lurorom.⁴‘
497 4373 528 4424 cl.
548 4371 572 4437 7,
623 4372 721 4441 quqA
756 4370 798 4425 42.
815 4375 915 4441 inperio
939 4377 970 4427 ul)
988 4374 1047 4426 love
1064 4374 1184 4441 promisso
1210 4369 1235 4434 1,
1252 4366 1304 4421 257
1322 4379 1381 4432 sqq.
