2942 4975
502 214 717 279 AENEIDOS
740 215 820 279 LIB.
843 215 895 281 Vl.
1085 220 1093 229 '
1228 215 1297 283 283

194 401 285 466 llaec
307 405 377 465 tum
399 400 529 466 nomina
551 406 659 479 erunt,
682 420 767 466 nune
790 406 865 467 sunt
887 402 956 466 sine
978 402 1106 469 nomine
1128 408 1244 470 terrae.

195 485 280 563 Quin
303 489 336 550 et
358 504 418 550 aro
442 486 591 550 comitem
612 504 683 550 sese
705 486 881 551 Mavortius
904 486 1003 551 addet

193 570 362 650 Romulae,
384 572 530 636 Assaraci
553 589 650 651 quem
672 571 836 653 sanguinis
857 572 918 637 Ilia
939 577 1043 637 mater

108 655 174 719 780
194 656 330 721 Educet.
374 655 491 734 Viden,
512 661 550 721 ut
572 656 717 737 geminae
740 660 828 721 stant
848 657 970 722 vertice
993 657 1118 737 cristae,

194 742 240 805 Et
261 746 354 822 pater
375 740 444 822 ipse
466 758 523 806 suo
545 759 696 822 superum
718 741 782 806 iam
805 741 911 823 signat
932 742 1075 807 honore?

194 827 260 904 En,
280 826 388 904 huius,
410 830 499 905 nete,
521 826 670 908 auspiciis
692 826 749 891 illa
770 826 893 891 incluta
912 828 1015 894 Roma

195 911 359 993 Imperium
382 911 490 991 terris,
512 911 634 977 animos
657 912 809 992 aequabit
831 911 977 994 Olympo,

195 996 391 1078 Septemque
413 1015 477 1061 une
498 997 558 1061 sibi
580 1015 671 1061 muro
695 997 905 1062 circumdabit
927 1014 1026 1076 arces,

108 1080 174 1147 785
196 1081 287 1146 Felix
308 1082 400 1163 prole
422 1082 538 1146 virum:
560 1081 663 1162 qualis
684 1082 878 1164 Berecyntia
898 1087 1003 1147 mater

195 1166 363 1231 Invehitur
385 1186 479 1232 curru
501 1167 656 1249 Phrygias
677 1167 795 1232 turrita
816 1186 875 1248 per
896 1168 1002 1246 urbes,

195 1253 298 1316 Laeta
320 1252 415 1316 deum
436 1257 545 1333 partu,
568 1257 697 1318 centum
719 1253 875 1334 conplexa
896 1256 1040 1334 nepotes,

198 1336 308 1402 Omnis
331 1337 511 1415 caelicolas,
533 1337 635 1402 omnis
658 1355 776 1418 supera
797 1338 864 1403 alta
885 1338 1034 1402 tenentis

196 1421 268 1487 Huc
291 1422 433 1503 geminas
455 1441 541 1487 nunc
562 1421 658 1487 flecte
680 1422 778 1502 acies,
799 1423 881 1487 hanc
903 1423 1010 1504 aspice
1032 1427 1163 1503 gentem

109 1506 176 1571 790
197 1509 419 1588 Romanosque
441 1512 522 1572 tuos.
565 1508 627 1572 Hic
649 1507 768 1573 Caesar
791 1513 824 1572 et
846 1508 948 1573 omnis
970 1507 1030 1572 Iuli
1231 1510 1248 1544 *

196 1592 383 1674 Progenies
406 1611 555 1673 magnum
579 1593 659 1658 caeli
681 1598 818 1659 ventura
839 1593 898 1658 sub
921 1611 1020 1657 axem.

197 1677 258 1743 Hic
280 1678 340 1756 vir,
362 1677 413 1742 bic
436 1682 499 1757 est,
526 1677 584 1742 tibi
606 1696 702 1759 quem
723 1678 868 1760 promitti
890 1678 1020 1760 saepius
1040 1677 1139 1756 audis,

196 1766 361 1844 Angustus
384 1762 513 1837 Caesar,
534 1762 607 1827 Divi
629 1781 744 1844 genus,
766 1782 865 1829 aurea
886 1764 1003 1829 condet

197 1848 333 1913 Saecula
353 1848 409 1929 qui
431 1866 542 1913 rursus
563 1849 657 1913 Latio
679 1853 894 1930 regnata-per
917 1868 993 1914 arra

110 1932 174 1997 795
197 1932 335 1998 Saturno
358 1934 530 2014 quondam,
552 1952 649 2015 super
671 1938 706 1998 et
728 1932 938 2000 Garamantas
961 1937 995 1998 et
1016 1933 1113 1998 Indos

196 2016 346 2084 Proferet
366 2019 538 2100 inperium3
560 2018 646 2083 iacet
668 2022 760 2084 extra
780 2019 886 2084 sidera
908 2018 1014 2097 tellus

196 2105 299 2168 Extra
321 2104 395 2169 anni
417 2103 556 2184 solisque
577 2103 658 2181 rias,
681 2104 736 2168 ubi
759 2103 890 2169 caelifer
913 2104 1003 2170 Atlas

196 2190 298 2254 Axem
319 2189 452 2255 humero
475 2193 608 2270 torquet
629 2188 732 2254 stellis
755 2189 940 2253 ardentibus
962 2193 1081 2269 aptum.

195 2274 300 2338 Huius
321 2276 355 2338 in
377 2274 550 2338 adventum
570 2275 635 2339 iam
658 2293 743 2341 nunc
766 2278 800 2339 et
822 2273 937 2355 Caspia
958 2291 1059 2354 regna

110 2359 176 2424 800
198 2360 371 2441 Responsis
393 2360 527 2425 horrent
549 2360 654 2424 divom
677 2364 711 2425 et
733 2359 875 2424 Maeotia
896 2359 1001 2436 tellus,

111 2617 208 2667 iidem
233 2614 325 2664 civicas
348 2623 439 2677 gerunt
461 2631 582 2680 coronas,
603 2633 677 2666 rrum
700 2616 821 2665 deducent
842 2616 910 2665 circs
934 2616 957 2665 in
981 2614 1110 2682 colonias!
1145 2611 1204 2666 778.
1229 2612 1297 2678 Quin

110 2683 267 2746 minnista,
289 2684 379 2733 ceteris
397 2684 530 2748 insignior,
555 2685 650 2748 anima,
667 2683 766 2749 llcmpli
784 2682 868 2734 lutura
887 2684 909 2732 in
928 2684 1016 2743 terris,
1040 2682 1148 2748 prodibit
1165 2683 1189 2731 in
1207 2683 1300 2745 vitum

111 2767 188 2803 avum
214 2750 366 2802 Numitorem
393 2753 580 2818 prosecutura!
625 2751 684 2805 779.
713 2754 854 2802 Assaracus
882 2767 946 2802 arus
975 2752 1104 2801 Anchisae.
1140 2755 1295 2803 Assaracon

111 2823 234 2885 raama,
255 2827 284 2870 ut
302 2820 441 2886 rampuns
459 2825 570 2886 caugeio
589 2823 655 2888 apud
673 2822 760 2871 Horat.
779 2822 808 2870 Α.
828 2820 855 2869 P.
873 2817 947 2889 2924
983 2816 1041 2869 780.
1059 2835 1128 2884 gerra
1147 2834 1195 2883 cr.,·
1211 2818 1293 2883 galea,

112 2896 260 2957 perpetuum
277 2888 371 2951 insigne
387 2887 493 2952 Romuli,
510 2906 565 2940 cnm
582 2889 674 2956 duplici
691 2884 791 2956 crista!
826 2885 884 2938 78].
902 2888 991 2952 lunge:
1008 2892 1063 2954 pat.
1081 2891 1136 2954 ipre
1152 2899 1218 2954 cap,
1236 2886 1294 2952 lup-

113 2959 184 3025 piter.
202 2984 236 2994 -
254 2972 301 3006 ruo
318 2972 340 3006 e.
363 2958 440 3021 teng
457 2960 612 3024 conspicuum
638 2958 698 3008 lacit
719 2972 750 3008 ea
773 2957 892 3020 dignitate
915 2958 980 3019 oris,
1002 2971 1067 3021 qnae
1088 2957 1112 3006 in
1137 2957 1204 3022 ipso,
1227 2955 1298 3017 love,

111 3026 302 3092 exsplendeecit‚
319 3023 350 3074 ci.
364 3023 394 3074 G.
406 3025 430 3088 9,
443 3023 516 3093 3921
553 3025 611 3078 782.
629 3028 685 3076 bari.
703 3028 829 3091 crispiora
889 3027 1018 3091 deprendit,
1037 3025 1068 3074 ab
1087 3025 1159 3074 buius
1178 3024 1299 3089 auspiciis

113 3095 286 3160 proficiscetur
303 3093 346 3143 illa
363 3094 506 3159 magnitudo
523 3096 618 3161 imperii
629 3094 731 3144 Romani
748 3099 774 3143 et
790 3094 979 3156 magnanimitas
996 3094 1106 3158 ipsorum
1120 3093 1294 3143 Rornanorum.

111 3163 208 3227 Nempe
219 3161 387 3212 condebantur
404 3163 480 3213 nrbes
498 3164 635 3229 auspicato,
653 3171 679 3213 et
695 3170 755 3212 nota
770 3160 1081 3229 suntauspiciellomnli.1
1115 3157 1174 3212 783.
1193 3160 1294 3226 imperio

112 3247 160 3280 auo
177 3231 340 3296 amplectetur
357 3230 441 3280 orbem
457 3237 590 3293 terrerum,
608 3233 703 3281 virtute
721 3231 920 3296 paranitide!
953 3226 1012 3280 784.
1037 3245 1083 3278 non
1107 3244 1172 3279 una
1195 3235 1295 3293 praeter

111 3306 225 3360 ceterum
243 3300 286 3348 sed
304 3298 340 3348 ita
357 3299 422 3350 solet
439 3315 529 3349 unua
546 3301 620 3350 adiici
638 3299 766 3350 vocabulis
785 3299 962 3348 multitudinem
974 3298 1082 3363 aliquam
1094 3296 1300 3360 significantibus,

112 3383 162 3432 quo
180 3368 259 3430 magis
277 3373 398 3432 appareat
414 3369 454 3416 vis
471 3375 497 3417 et
514 3369 579 3418 notio
598 3369 651 3418 eius
669 3367 840 3417 multitudinis.
858 3394 891 3404 —-
909 3382 991 3429 arcer,
1011 3382 1035 3415 v.
1048 3363 1078 3414 G.
1092 3363 1117 3427 2,
1129 3361 1204 3431 5391
1235 3359 1294 3413 787).

112 3435 174 3486 Ber.
193 3451 236 3496 na,
255 3435 350 3503 Cybele
374 3436 428 3485 eive
445 3435 527 3495 llbea,
551 3444 631 3487 urrater
653 3436 763 3485 deornm.
781 3463 814 3472 -
836 3437 1042 3501 Berecyntos
1059 3448 1128 3482 mone
1146 3431 1300 3502 Pbrygiaef

112 3501 175 3555 789.
192 3519 276 3566 nnnc,
303 3505 416 3568 qnoniam
443 3505 475 3554 ab
502 3505 605 3555 Albanis
632 3505 706 3552 rebus
734 3504 827 3553 transit
852 3504 883 3554 ad
910 3496 1057 3570 Romanas}
1093 3499 1151 3551 798.
1171 3500 1244 3563 Divi,
1272 3501 1295 3550 in

113 3587 241 3624 numerum
260 3573 360 3622 deornm
379 3574 479 3638 recepti,
498 3572 615 3623 Caesaris
627 3572 837 3688 peradoptionem
854 3570 940 3636 lilius!
976 3567 1027 3621 793
1038 3585 1091 3634 sqq.
1111 3567 1178 3617 Laus
1189 3570 1296 3631 Augusti

112 3647 217 3706 propter
234 3655 318 3706 pacem
337 3640 453 3690 llomanis
471 3641 612 3690 restitutam
648 3636 682 3690 93
699 3655 752 3704 sq,
774 3647 875 3706 propter
898 3639 1008 3705 prolatos
1026 3638 1086 3687 bnes
1103 3637 1198 3702 imperii
1216 3636 1299 3687 vieto-

61 3769 66 3772 ·
112 3709 214 3772 riaequc
231 3724 263 3758 ex
282 3709 452 3758 remotissimis
463 3709 576 3772 gentibus
589 3714 738 3774 reportatas,
752 3709 838 3773 priscis
853 3708 974 3757 vaticiniis
988 3707 1131 3772 promissas,
1150 3702 1300 3769 795-801,

112 3777 218 3842 denique
240 3783 342 3842 propter
366 3777 500 3842 longinqua
523 3778 610 3826 itinera
634 3777 741 3826 maxime
763 3777 794 3826 ad
818 3775 1002 3825 constituendas
1023 3774 1162 3839 provincias
1181 3781 1298 3840 suscepta

111 3841 274 3902 802-806l
310 3841 361 3896 794
372 3861 409 3910 sq.
427 3845 458 3895 cl.
470 3843 495 3907 8,
507 3842 559 3895 319
571 3849 640 3911 sqq}
676 3841 727 3895 795
739 3860 792 3909 sqq.
810 3844 939 3906 Angustus
957 3843 1084 3909 imperinm
1101 3841 1210 3907 proferet
1227 3842 1298 3892 ultra

112 3914 231 3964 termines
247 3913 305 3962 illos
323 3913 392 3964 orbis
410 3922 545 3976 terrarum,
563 3929 625 3979 qnos
642 3921 732 3963 norunt
745 3913 855 3963 Romani.
866 3939 897 3948 -
909 3910 980 3971 Gna,
993 3927 1017 3967 r.
1031 3911 1059 3960 u.
1068 3907 1093 3973 8,
1103 3907 1163 3978 441
1197 3907 1246 3961 796
1259 3925 1300 3975 sq.

112 3983 215 4032 fervore
230 3983 337 4047 quodam
355 3982 449 4048 poetico
467 3982 585 4048 abreptus
604 3981 713 4044 neglexit
731 3988 804 4048 poeta
821 3982 940 4032 usitatam
958 3980 1133 4031 sententiarum
1150 3981 1297 4038 iuncturam,

111 4065 187 4115 quam
204 4051 280 4100 talem
298 4065 354 4099 csse
371 4051 515 4115 oportebat:
534 4067 564 4100 ec
581 4065 656 4117 super
674 4051 732 4100 illas
745 4058 827 4101 terras
840 4049 961 4115 (proleret
971 4049 1117 4115 imperinm),
1136 4063 1200 4112 qnae
1216 4049 1300 4096 iacent

111 4125 188 4168 extra
211 4119 308 4179 sidera,
332 4119 348 4167 i.
367 4135 389 4169 e.
413 4133 477 4184 quae
500 4127 558 4170 sunt
575 4120 642 4168 ultra
667 4120 797 4169 zodiacum
821 4118 967 4186 epulumque
984 4118 1104 4184 tropicum
1124 4112 1302 4182 (australem),

112 4202 175 4249 ergo
192 4187 268 4237 etiam
286 4192 359 4236 extra
377 4201 422 4236 ens
440 4188 504 4250 vias,
522 4202 584 4251 quas
601 4189 638 4237 sol
657 4186 756 4252 obliquo
774 4189 879 4238 decursu
897 4200 1034 4252 peragrans
1053 4184 1108 4234 anni
1125 4183 1190 4245 regit
1201 4181 1297 4230 vicissi-

111 4252 234 4308 tudines!
262 4251 321 4307 798.
339 4271 364 4304 v.
376 4253 402 4316 4,
414 4251 488 4323 4881
517 4252 575 4306 799.
595 4256 653 4305 Hru'.
672 4259 699 4304 irc
717 4257 785 4317 adu,
804 4254 891 4305 animis
909 4256 931 4303 in
948 4252 1158 4319 exspectationem
1175 4250 1302 4299 adrentus
