2942 4975
222 314 287 380 334
596 314 630 377 5.
653 310 819 377 55555
840 309 1031 377 nunonis
1077 400 1080 405 ι

204 565 214 586 ,
308 500 436 582 Inperio
460 505 494 565 et
515 499 618 564 saevis
641 498 748 563 tenuit
768 498 946 564 Mezentius
969 496 1074 562 armis.

309 586 392 664 Quid
415 602 589 650 memorem
611 582 759 648 infandas
781 584 907 659 caedes,
930 582 1007 665 quid
1028 582 1116 647 facta
1137 583 1264 664 tyranni

307 670 439 737 Effera?
473 670 506 734 di
529 669 625 751 capiti
646 668 746 750 ipsius
769 668 942 750 generique
964 668 1144 732 reservent!

222 757 286 824 485
308 757 437 821 Mortua
459 755 535 836 quin
560 754 656 819 etiam
678 754 834 835 iungebat
856 771 991 835 corpora
1011 752 1099 830 vivis,

309 840 500 923 Conponens
522 839 730 919 manibusque
754 857 867 904 manus
889 844 986 919 atquc
1009 836 1117 902 oribus
1140 855 1205 917 ora,

308 925 473 991 Tormenti
497 943 610 1007 genus,
634 928 668 988 et
689 924 778 989 sanie
800 924 940 1005 taboque
961 921 1091 988 fluentis

307 1012 471 1093 Conplexu
493 1011 526 1073 in
549 1010 666 1073 misero
688 1008 786 1091 longa
807 1010 853 1074 sic
874 1013 979 1073 morte
1001 1007 1145 1073 necabat

306 1098 351 1163 At
372 1094 449 1161 lessi
472 1094 602 1159 tandem
626 1094 711 1158 cives
733 1093 866 1158 infanda
886 1094 1049 1158 furentem

220 1182 286 1247 490
306 1182 431 1248 Armati
454 1180 692 1244 circumsistunt
713 1178 881 1261 ipsumque
902 1179 1103 1259 domumque,

307 1266 510 1332 Obtruncant
532 1264 647 1343 socios,
669 1264 776 1345 ignem
799 1265 840 1329 ad
862 1263 991 1345 fastigia
1010 1263 1140 1328 iactant

306 1352 366 1417 Ille
389 1352 474 1415 inter
497 1351 626 1415 caedem
648 1349 841 1413 Rutulorum
863 1349 990 1430 elapsus
1011 1348 1045 1413 in
1067 1364 1162 1429 agros

307 1434 487 1516 Confugere
510 1440 544 1499 et
566 1434 665 1499 Turni
688 1433 855 1498 defendier
876 1433 1012 1515 hospitis
1035 1434 1140 1498 armis.

305 1523 392 1603 Ergo
415 1520 517 1585 omnis
538 1518 629 1583 furiis
652 1519 793 1584 surrexit
814 1519 946 1584 Etruria
965 1519 1074 1597 iustis;

220 1606 284 1672 495
305 1606 427 1689 Regem
450 1606 490 1672 ad
512 1604 702 1687 supplicium
724 1605 888 1685 praesenti
909 1605 1016 1669 Marte
1037 1606 1219 1684 reposcunt.

153 1724 156 1729 v
239 1695 247 1708 '
305 1691 365 1756 His
389 1708 448 1772 ego
471 1694 517 1769 te,
539 1691 662 1767 Aenea,
685 1689 852 1755 ductorem
875 1688 1003 1754 milibus
1025 1689 1149 1753 addam.

307 1777 390 1842 Toto
412 1792 550 1857 namque
571 1773 715 1839 fremunt
736 1776 916 1840 condensae
939 1774 1034 1839 litore
1055 1791 1187 1856 puppes,

305 1861 467 1943 Signaque
489 1858 574 1924 ferre
596 1859 719 1938 iubent3
743 1860 865 1940 retinet
886 1861 1060 1941 longaevus
1082 1859 1242 1940 haruspex

304 1946 387 2011 Fata
410 1962 542 2010 canens:
575 1944 603 2009 0
626 1944 793 2009 Maeoniae
816 1945 943 2009 delecta
963 1944 1121 2022 iuventus,

219 2030 284 2097 500
304 2031 380 2095 Flos
402 2035 548 2095 veterum
569 2030 734 2111 virtusque
755 2030 871 2109 virum,
894 2047 974 2110 quos
995 2030 1099 2094 iustus
1119 2028 1153 2093 in
1175 2028 1303 2094 hostem

304 2116 384 2180 Fert
405 2114 503 2180 dolor‘
519 2120 552 2179 et
574 2115 690 2179 merita
712 2115 861 2180 accendit
882 2114 1063 2179 Mezentius
1085 2115 1141 2193 ira,

304 2200 392 2265 Nulli
415 2200 463 2265 fas
486 2199 568 2265 Italo
591 2205 714 2265 tantam
738 2200 930 2281 subiungere
953 2205 1096 2282 gentem:

303 2286 463 2351 Externos
485 2290 597 2368 optate
620 2286 725 2350 duces.
771 2285 852 2350 Tum
874 2285 1012 2351 Etrusca
1033 2284 1154 2349 resedit

303 2371 374 2435 Hoc
396 2371 481 2437 acies
505 2389 629 2452 campo,
652 2371 782 2434 monitis
806 2370 961 2435 exterrita
982 2371 1096 2435 divom.

219 2455 378 2540 5051pse
401 2461 545 2522 oratores
568 2457 608 2522 ad
630 2474 681 2522 me
703 2455 1031 2538 regniquecoronam

256 2545 257 2548 ’
305 2541 383 2616 Cum
406 2547 533 2623 sceptro
556 2543 643 2607 misit
664 2543 859 2622 mandatque
880 2541 1020 2623 insignia
1041 2540 1197 2618 Tarchon,

304 2626 480 2692 Succedam
503 2627 627 2705 castris,
651 2626 880 2709 Tyrrhenaque
901 2645 1003 2708 regna
1025 2643 1196 2708 capessam.

304 2711 368 2776 Sed
390 2711 467 2776 mihi
490 2711 583 2779 tarda
604 2712 679 2794 gelu
701 2712 879 2793 saeclisque
902 2710 1000 2777 effeta
1021 2715 1171 2776 senectus

302 2796 431 2861 Invidet
451 2795 609 2877 inperium
632 2815 788 2878 seraeque
811 2797 851 2862 ad
873 2796 971 2862 fortia
991 2796 1084 2862 vires.

218 2881 282 2946 510
303 2881 423 2946 Natum
446 2881 645 2958 exhortarer,
668 2882 701 2945 ni
723 2881 842 2946 mixtus
863 2886 968 2947 matre
990 2881 1120 2947 Sabella

303 2966 387 3032 Hinc
409 2971 535 3048 partem
557 2966 681 3046 patriae
704 2966 857 3031 traheret
900 2968 963 3046 Tu,
986 2968 1075 3032 cuius
1098 2970 1132 3030 et
1152 2964 1246 3030 annis

302 3051 346 3116 Et
369 3051 480 3132 generi
502 3050 570 3116 fata
591 3051 774 3132 indulgent,
796 3071 891 3134 quem
913 3052 1045 3117 numina
1066 3055 1212 3134 poscunt,

276 3143 279 3150 ’
303 3137 491 3218 Ingredere,
514 3155 547 3214 o,
570 3135 727 3202 Teucrum
750 3141 848 3219 atque
870 3137 1001 3217 Italum,
1023 3136 1211 3215 fortissime,
1234 3135 1362 3205 ductor.

302 3221 396 3286 Hunc
419 3221 477 3286 tibi
498 3227 679 3303 praeterea,
702 3240 775 3304 spes
799 3227 833 3287 et
854 3222 970 3288 solatia
990 3223 1101 3301 nostri,

217 3307 450 3373 515'Pallanta
472 3306 655 3390 adiungam,
678 3307 738 3372 sub
760 3311 793 3371 tc
817 3309 958 3373 tolerare
979 3308 1132 3390 magistro

215 3517 275 3571 484.
296 3521 327 3571 51.
340 3518 365 3581 2,
377 3519 451 3591 1901
479 3516 538 3572 485.
558 3520 691 3571 Vetustam
704 3520 764 3570 talis
775 3521 930 3571 crudelitatis
948 3520 1038 3571 lamam
1055 3520 1187 3570 confirmat
1195 3519 1253 3571 Val.
1263 3517 1336 3570 Mu.
1345 3518 1371 3583 9,
1377 3518 1402 3583 2,

218 3586 259 3652 10,
277 3589 438 3640 confirmarat
456 3596 514 3640 autc
533 3589 627 3651 Cicero,
645 3596 675 3639 nt
691 3588 796 3639 Servius
815 3595 903 3640 auctor
921 3596 972 3650 cst,
990 3590 1015 3638 io
1034 3587 1188 3654 Hortensio!
1222 3583 1284 3638 488.
1304 3591 1360 3648 sic,
1376 3604 1400 3637 v.

217 3655 241 3720 1,
259 3654 337 3725 2251
368 3654 428 3708 489.
448 3673 471 3708 v.
490 3654 646 3720 (1.3,1431
680 3653 1174 3723 495.ρναεε.11.,551155555115551
1209 3652 1270 3708 497.
1284 3671 1400 3722 puppes:

216 3732 323 3842 {msto}
335 3727 491 3845 intcggegtuffi
509 3725 617 3808 Tiberim
635 3725 759 3843 amitino
770 3726 864 3843 mm
871 3741 933 3792 opus
946 3733 1003 3844 {rat
1015 3725 1136 3844 οιὶἔξίωἰ
1145 3723 1254 3855 14111ηᾶξὸ
1266 3723 1401 3842 mssatiun

228 3807 332 3841 enonr.
436 3832 442 3843 .
492 3809 634 3845 aaoazave
664 3809 782 3844 snornon
823 3809 840 3844 v
859 3808 910 3857 rac,
934 3811 965 3844 c.
984 3809 1022 3844 vs.
1139 3830 1146 3842 .
1250 3829 1257 3841 .
1340 3807 1363 3842 5.
1379 3808 1400 3842 a.

214 3862 271 3922 vir,
284 3803 438 3926 prae'stantin
451 3877 480 3912 55
492 3863 587 3914 virtute
599 3863 734 3914 maioribus
744 3846 836 3913 vestris
845 3861 942 3928 pascal
970 3860 1030 3913 503.
1043 3808 1165 3922 55555515.
1177 3860 1207 3910 Ε.
1218 3859 1243 3922 4,
1252 3857 1294 3911 49.
1342 3858 1400 3911 504.

216 3927 274 3990 Hoc,
293 3928 333 3992 qui
346 3929 379 3978 ibi
390 3937 455 3992 crat,
469 3933 620 3995 propinquus
632 3931 726 3982 scilicet
738 3931 804 3982 litori
816 3945 855 3981 vs.
866 3927 918 3982 497
930 3939 955 3981 et
971 3926 1023 3982 555
1040 3929 1254 3982 commemorata!
1347 3945 1400 3995 sqq.

217 4002 331 4045 oratores
349 3997 416 4046 misit
434 4000 581 4049 invitans
600 3999 694 4050 scilicet
711 4003 776 4062 (ut)
793 3999 923 4049 succedam
941 3997 1057 4062 castris!
1090 3994 1150 4050 508.
1168 3996 1275 4060 scoth,
1294 3997 1400 4048 Ser-vim

216 4063 316 4127 „dicunt
334 4065 458 4116 saeculum
479 4068 571 4117 habere
588 4067 690 4129 triginta
709 4068 813 4129 annos‚“
829 4068 895 4117 undo
918 4066 1177 4118 trisooclisenex
1195 4065 1305 4124 Neston
1324 4073 1352 4117 et
1369 4065 1399 4115 51.

216 4129 247 4182 G.
261 4128 286 4194 2,
298 4128 371 4195 2951
407 4129 465 4185 510.
484 4138 561 4185 mitat.
580 4151 614 4186 m.
633 4133 703 4199 sao,
722 4136 864 4199 sanguinein
883 4151 1010 4201 genusque
1026 4136 1131 4186 mixtum
1143 4135 1238 4185 habena
1250 4149 1308 4184 cun
1320 4141 1400 4184 matra

215 4197 516 4271 855155,51.12,838.Ι
552 4198 857 4270 511.11155,55115115.Ι
893 4200 952 4254 512.
971 4216 1043 4270 quem
1060 4203 1167 4254 ducem
1185 4216 1251 4253 num.
1270 4217 1351 4269 pose,
1368 4201 1398 4252 51.

214 4283 254 4320 va.
272 4265 348 4338 5031
391 4265 588 4336 5131553555,
612 4269 709 4336 plenum
728 4271 855 4335 dignitatis
873 4273 991 4337 verbum,
1017 4267 1141 4337 ut1,45
1162 4272 1262 4335 „divom
1278 4271 1398 4322 incedo
1470 4307 1471 4340 ,

214 4337 332 4403 55515511
350 4345 481 4404 practerea
499 4339 531 4391 51.
549 4339 578 4392 11.
596 4337 622 4403 4,
634 4335 692 4405 481
727 4335 786 4392 515.
803 4341 852 4390 eut
868 4344 895 4391 te
910 4344 1059 4407 magatro:
1077 4356 1110 4392 ex
1127 4355 1197 4392 ruore
1207 4337 1320 4390 Romano
1339 4339 1398 4390 ado-
