2942 4975
473 325 688 392 AENEIDOS
710 324 792 392 L1B.
812 327 853 392 ΙΙ.

161 511 336 578 Abdiderat
359 527 430 576 sese
453 514 551 592 atque
573 511 636 576 aris
657 511 760 576 invisa
781 509 923 579 sedebat

80 597 140 663 575
160 598 315 662 Exarsere
337 595 428 677 ignes
451 596 573 674 animo;
595 596 681 661 subit
701 597 751 662 ira
773 597 940 664 cadentem

161 682 277 748 Ulcisci
299 680 436 764 patriam
459 685 494 746 et
515 681 690 748 sceleratas
712 699 838 747 sumere
860 701 990 765 poenas.

161 767 289 834 Scilicet
309 765 390 832 haee
413 765 559 848 Spartam
582 767 750 833 incolumis
772 765 956 851 patriasque
977 769 1129 851 Mycenas

160 851 314 936 Aspiciet,
336 847 494 933 partoque
516 852 576 918 ibit
597 851 708 934 regina
730 851 901 934 triumpho,

159 937 410 1020 Coniugiumque
433 937 637 1018 domumque,
660 942 770 1019 patres
791 944 948 1020 natosque
969 939 1098 1019 51551515,

81 1021 140 1087 580
160 1023 295 1088 Iliadum
318 1022 414 1086 turba
435 1027 469 1087 et
490 1021 636 1104 Phrygiis
660 1022 813 1088 comitata
833 1023 1008 1089 ministris?

161 1107 321 1174 Occiderit
342 1105 428 1172 ferro
451 1108 610 1185 Priamus,
633 1107 729 1174 Troia
751 1109 867 1174 arserit
887 1108 963 1191 igni,

160 1192 356 1260 Dardanium
378 1192 499 1258 totiens
521 1193 645 1258 sudarit
666 1194 821 1275 sanguine
842 1195 939 1260 115551

158 1277 230 1343 1155
252 1277 308 1342 ita
350 1278 496 1358 Namque
520 1278 581 1343 etsi
602 1279 726 1344 nullum
749 1280 956 1346 memorabile
978 1296 1094 1346 nomen

139 1363 311 1439 ,Feminea
333 1363 367 1428 in
388 1381 496 1446 poena=
517 1367 566 1428 est
588 1381 647 1428 nec
669 1363 767 1430 habet
788 1365 923 1430 victoria
943 1366 1081 1446 laudem,

80 1447 137 1514 585
156 1448 354 1514 Exstinxisse
376 1447 467 1514 nefas
490 1453 600 1513 tamen
622 1453 656 1513 et
678 1450 850 1531 sumpsisse
872 1451 1025 1515 merentis

157 1533 330 1600 Laudahor
351 1551 484 1615 555555,
507 1534 709 1618 animumque
733 1535 878 1617 explesse
899 1535 1022 1602 iuvabit

156 1619 290 1684 Ultricis
312 1617 472 1698 fiammae,
497 1623 529 1684 et
551 1619 674 1683 cineres
697 1619 831 1685 satiasse
853 1639 1005 1685 meorum.

157 1705 247 1771 Talia
267 1703 439 1782 ieetaham,
462 1708 496 1768 et
517 1702 635 1770 furiata
656 1709 766 1770 mente
787 1704 923 1785 ferebar,

158 1790 235 1855 (lum
258 1789 337 1853 mihi
359 1807 408 1868 se,
430 1808 495 1854 non
518 1793 594 1854 ante
616 1789 716 1855 oculis
738 1795 805 1856 tam
828 1792 926 1869 clara,
948 1790 1118 1857 videndam

81 1873 136 1938 590
157 1874 284 1940 Obtulit
307 1879 340 1939 55
362 1893 443 1957 5555
463 1893 521 1956 555
542 1879 669 1940 noctem
691 1875 725 1940 in
747 1875 819 1941 luce
840 1875 969 1941 refulsit

154 1961 249 2026 Alme
270 1977 401 2041 parens,
424 1958 570 2025 confessa
591 1960 698 2040 deam,
722 1961 888 2043 quaquue
909 1959 1011 2027 videri
1217 1981 1285 2061 555

157 2045 325 2110 0551155115
348 2050 382 2109 55
402 2049 522 2126 quanta
544 2045 639 2124 solet,
662 2046 838 2128 dextraque
861 2046 1054 2128 prehensum

157 2130 338 2208 0555155515,
360 2148 518 2211 roseoque
539 2131 619 2196 haec
641 2130 772 2212 insuper
794 2132 918 2196 addidit
939 2151 1007 2197 ore:

155 2213 253 2295 Nate,
276 2215 347 2297 quis
369 2214 540 2282 indomitas
562 2220 671 2282 tantus
695 2214 787 2280 dolor
810 2218 928 2282 excitat
950 2217 1036 2282 iras?

79 2299 135 2364 595
156 2301 239 2378 Quid
262 2299 364 2364 furis?
402 2305 457 2364 555
479 2319 616 2382 quonam
639 2301 742 2366 nostri
764 2301 822 2366 tihi
845 2321 923 2366 cura
942 2303 1096 2367 recessit?

154 2387 228 2452 Non
248 2386 339 2467 prius
361 2385 506 2467 55515155,
529 2386 582 2450 ubi
605 2385 726 2450 fessum
749 2392 856 2452 aetate
877 2391 1045 2467 parentem

154 2471 305 2553 Liqueris
326 2471 510 2537 Anchisen?
547 2477 679 2555 superet
701 2472 880 2539 coniunxne
902 2471 1022 2538 Creusa

154 2557 376 2638 Ascaniusque
397 2559 501 2638 puer?
539 2576 618 2639 quos
641 2558 743 2623 omnis
765 2559 906 2639 undique
929 2557 1046 2623 Graiae

155 2643 396 2708 0555555555
419 2643 516 2721 55155,
539 2649 584 2721 55,
607 2643 640 2707 51
662 2661 734 2709 mea
757 2662 834 2707 cura
854 2644 993 2721 resistat,
1027 2653 1030 2658 ’

20 2742 22 2755 ·
82 2726 224 2793 6001555
246 2726 391 2793 flammae
414 2728 548 2793 tulerint
568 2728 715 2793 inimicus
739 2734 772 2793 et
793 2728 937 2794 hauserit
959 2729 1052 2793 ensis.

82 2997 104 3031 se
118 2984 138 3032 ei
154 2982 305 3047 subtrahit!
340 2978 399 3033 574.
417 2998 441 3031 v.
459 2999 498 3033 vs.
517 2980 575 3035 517.
588 3012 622 3021 -
640 2988 706 3046 uris,
724 2987 748 3035 in
765 2984 883 3047 gradibus
901 2998 972 3035 arae.
983 2986 1121 3049 --a'noa‘scq
1141 2991 1166 3033 55
1183 2999 1254 3033 suurn

80 3057 103 3099 55
112 3066 234 3102 commune
246 3052 356 3103 Helenae
365 3052 447 3102 adium
466 3053 512 3101 hac
528 3068 589 3101 voce
606 3054 721 3119 exprimit
735 3053 855 3115 Aeneas!
890 3050 949 3104 576.
967 3052 1036 3116 seed,
1052 3053 1133 3103 scelus
1144 3051 1254 3104 15555555

70 3126 135 3183 crat,
151 3120 291 3170 interficere
309 3120 442 3185 supplicem
458 3120 490 3169 ad
509 3135 567 3171 aras
585 3115 733 3189 5555555551
768 3118 818 3172 577
831 3137 884 3185 sqq.
901 3120 1045 3184 Indignatur
1057 3122 1161 3179 Aeneas,
1181 3118 1253 3185 quod,

82 3202 127 3237 cum
144 3190 268 3255 perditum
285 3188 370 3237 videat
388 3188 521 3248 Priamum,
540 3190 660 3255 perditam
678 3189 797 3240 inelutam
815 3189 883 3238 illum
902 3188 1010 3252 Troiam,
1029 3188 1144 3252 lielenae,
1163 3203 1255 3237 causae

83 3255 157 3306 horum
173 3257 311 3319 malorum,
337 3264 439 3321 paratus
457 3258 573 3307 videatur
598 3258 693 3308 reditus
720 3258 744 3306 in
768 3256 889 3324 patriam,
916 3264 1006 3323 parata
1032 3257 1106 3306 etiam
1134 3257 1253 3321 quaedam

81 3323 163 3385 gloria5
182 3326 220 3375 sic
237 3326 322 3374 verbis
339 3326 464 3375 occiderit
534 3328 641 3387 arserat,
659 3341 723 3391 quae
740 3332 797 3375 sunt
814 3325 910 3393 liutara
927 3331 1026 3388 exacta,
1047 3339 1125 3375 eausa
1141 3324 1254 3387 indigna·

82 3392 141 3443 tionis
157 3393 255 3445 Futuro
274 3393 377 3457 simplici
394 3393 517 3443 iudicatae
534 3394 694 3455 significatur.
711 3422 747 3431 --
769 3394 831 3444 Sunt
853 3399 936 3443 autem
954 3394 1114 3444 haecomnia
1132 3389 1254 3443 rhetorice

82 3463 206 3527 conposita
229 3467 256 3513 et
272 3467 410 3522 55555555ς
433 3468 458 3510 55
481 3462 530 3511 tria
553 3460 591 3527 (4.
610 3459 634 3513 5.
653 3458 689 3527 6.)
713 3462 793 3512 trihus
817 3458 854 3525 (l.
878 3458 902 3511 2.
923 3460 963 3527 3.)
986 3462 1133 3526 respondent
1154 3461 1254 3509 inverso

82 3530 167 3581 ordine:
188 3526 230 3597 (4)
256 3528 453 3593 „Occiderr'tfl
476 3530 649 3580 Priamus“
722 3528 766 3596 (3)
785 3530 916 3595 ,055155
939 3530 964 3579 d.
983 3534 1075 3597 patres
1091 3545 1117 3579 n.
1135 3529 1183 3591 v.“,
1203 3525 1254 3594 (5.)

82 3594 167 3655 „Troia
185 3614 243 3650 ara.
262 3600 297 3648 i.“
308 3594 402 3658 ...(2.)
421 3603 514 3665 „parto
532 3600 564 3649 ib.
583 3614 638 3663 reg.
653 3599 810 3665 triampbo,“
829 3596 873 3664 (6)
886 3596 986 3661 „Barth
999 3602 1042 3647 tot.
1054 3614 1076 3646 5.
1088 3613 1110 3645 s.
1123 3596 1156 3646 l.“
1210 3594 1254 3663 (1)

83 3667 275 3723 „incolumis
293 3665 446 3733 55555155.
465 3668 599 3733 aspiciet“.
617 3693 650 3703 ·—
665 3672 758 3733 patrea
777 3673 859 3717 autem
882 3669 917 3726 (v.
940 3680 980 3715 vs.
998 3662 1069 3725 457.)
1091 3666 1128 3715 ait
1148 3668 1255 3726 Aeneas,

83 3746 128 3783 cunr
144 3736 212 3786 solus
231 3740 359 3800 superstes
377 3741 444 3784 esset
456 3733 598 3801 Tyndarus,
616 3740 642 3784 et
659 3740 746 3790 natea,
764 3750 818 3786 cum
834 3749 906 3784 uuam
918 3734 1011 3784 Helena
1023 3734 1098 3784 liliam
1110 3733 1254 3786 Hermionen

84 3800 189 3867 haberet,
213 3818 263 3869 quo
287 3802 420 3852 extolleret
443 3800 584 3853 felicitatem
608 3803 709 3853 odiosae
726 3804 832 3855 llelcnae
854 3808 1021 3868 comparatam
1045 3816 1099 3851 cunr
1126 3803 1255 3852 invidenda

84 3878 141 3921 sorte
157 3888 258 3935 eornm,
282 3871 335 3937 qui,
358 3877 488 3937 postquam
507 3872 578 3920 domo
597 3870 638 3921 diu
657 3870 785 3934 afuerunt,
810 3872 913 3920 reduces
936 3870 1027 3932 omnia,
1053 3885 1117 3935 quae
1138 3871 1161 3921 in
1180 3871 1256 3921 oeulis

83 3936 174 4005 sinuque
191 3944 299 4004 gestant,
316 3940 442 4003 reperiunt
459 3934 581 4003 integral
617 3936 675 3990 583.
694 3939 805 4003 nullam,
823 3939 926 4002 5555155
944 3946 1034 4002 negat,
1052 3953 1125 4003 quam
1143 3955 1209 4002 aaa,
1228 3945 1257 3989 ut

83 4003 103 4065 6,
113 4005 168 4058 405.
186 4007 228 4073 10,
240 4003 319 4075 5921
352 4004 411 4059 585.
430 4010 562 4069 5555555515,
582 4009 660 4057 sumi
678 4014 800 4058 merentes
819 4022 839 4057 s.
857 4007 944 4056 merito
965 4002 1121 4074 5555555551
1155 4003 1207 4059 586
1219 4022 1256 4071 sq.

83 4080 175 4141 5551555
192 4074 290 4127 Graeco
308 4088 376 4127 more
394 4091 448 4125 cuin
468 4074 586 4125 Genetiva
605 4077 721 4126 iunctum.
746 4104 777 4113 -
802 4091 846 4125 aa.
870 4076 938 4141 5551.
960 4075 1023 4126 altr.
1039 4076 1084 4142 51,
1110 4074 1256 4125 satisfacere

83 4142 154 4194 551555
170 4160 215 4210 per
236 4144 354 4194 ultionem
376 4144 531 4209 cupidissime
556 4160 586 4193 ex
605 4145 704 4203 etitam3
723 4146 840 4211 flemma
862 4144 925 4193 enim
951 4144 1073 4207 signifieat
1090 4145 1256 4194 vehementem

82 4209 253 4277 cupiditatem!
288 4207 346 4263 588.
365 4214 426 4264 fact.
445 4226 469 4261 v.
484 4209 506 4275 1,
518 4160 603 4282 1025λ
626 4208 684 4262 595.
702 4216 786 4263 nostri
803 4227 877 4274 eura,
895 4212 950 4279 ipsa
966 4212 1058 4276 negligi
1075 4212 1183 4273 videtur,
1201 4226 1256 4261 eum

83 4280 205 4345 negligitur
228 4281 347 4331 Anchises
372 4279 403 4329 ah
426 4281 481 4347 ipsa
504 4288 602 4330 amatus
624 4296 748 4346 neposque
765 4281 886 4331 Ascanius
909 4296 965 4330 curn
989 4275 1092 4346 555555.)
1125 4277 1184 4329 596.
1203 4280 1255 4337 abi,

83 4346 164 4413 inqua
181 4345 307 4404 fortunat
343 4344 401 4401 600.
428 4363 453 4398 v.
479 4364 517 4401 vs.
544 4344 603 4399 555.
622 4376 655 4385 -
681 4350 815 4412 berecarii,
842 4347 873 4398 cf.
897 4349 966 4398 llam.
989 4347 1017 4398 Il.
1042 4345 1083 4409 14,
1110 4343 1161 4398 517
1189 4340 1255 4407 „dui
