2942 4975
159 312 230 378 284
535 313 570 377 Ρ.
591 310 756 377 VIRGILI
778 308 968 377 MARONIS

249 500 294 565 Et
314 498 557 582 septemgemini
578 498 711 563 turbant
733 496 859 580 trepida
881 498 963 562 ostia
984 496 1058 563 Nili.

250 586 320 650 Nec
341 604 417 651 vero
439 583 568 649 Alcides
589 590 716 649 tantum
738 583 863 648 telluris
885 582 993 660 obivit,

250 669 373 735 Fiaerit
394 668 576 751 aeripedem
599 688 725 734 cervam
747 668 837 746 licet,
860 673 916 733 ant
936 667 1125 750 Erymanthi

249 755 378 821 Pacarit
399 772 531 819 nemora
552 761 587 820 et
607 754 746 819 Lernam
767 751 985 818 tremefecerit
1007 772 1097 831 arcu;

160 838 230 907 805
251 840 332 918 Nec,
354 839 410 921 qui
431 840 608 921 pampineis
630 840 733 904 victor
754 838 829 921 iuga
851 836 953 903 flectit
974 837 1115 918 habenis,

250 924 363 1004 Liber,
383 942 483 1006 agens
506 925 592 989 celso
614 924 720 1006 Nysae
742 924 782 989 de
804 922 925 989 vertice
947 924 1048 1005 tigris.

249 1011 293 1075 Et
315 1009 497 1075 dubitamus
519 1010 623 1075 adhuc
642 1010 797 1075 virtutem
820 1009 995 1074 extendere
1017 1007 1118 1087 lactis,

250 1097 327 1193 Ant·
339 1093 608 1193 metns'Ausonia
628 1094 787 1192 prohibet·
801 1094 977 1194 cqnsistere
999 1096 1108 1191 terra?

159 1263 231 1329 aa
251 1180 350 1331 ’abab
367 1179 1117 1346 etlllsaltbttl⁵llt¹rdl.⁰lt..

250 1350 348 1432 Regis
370 1350 517 1430 Romani,
539 1351 673 1433 primam
694 1349 750 1430 qui
772 1350 896 1431 legibus
919 1349 1031 1415 urbem

249 1434 423 1514 Fundabit,
446 1434 582 1501 Curibus
603 1434 709 1519 parvis
732 1440 766 1501 et
786 1453 928 1517 paupere
950 1440 1038 1500 terra

250 1519 367 1586 Missus
388 1520 422 1585 in
443 1520 602 1603 inperium
623 1539 782 1603 magnum.
826 1520 885 1585 Cui
906 1520 1022 1586 deinde
1044 1520 1172 1600 subibit,

217 1609 227 1626 ⁶
251 1605 326 1671 Otia
348 1605 402 1686 qui
424 1612 553 1688 rumpet
573 1606 696 1689 patriae
717 1605 904 1687 residesque
925 1605 1067 1670 movebit

160 1689 230 1757 815
252 1690 365 1756 Tullus
385 1690 419 1755 in
441 1709 531 1756 arma
551 1692 637 1757 viros
659 1698 694 1756 et
714 1691 779 1755 iarn
801 1691 935 1756 desueta
956 1690 1125 1773 triumphis

252 1775 397 1857 Agmina.
440 1774 543 1853 Quem
564 1776 654 1847 iuxta
674 1776 821 1857 sequitur
842 1776 1014 1841 iactantior
1035 1776 1151 1855 Ancus

251 1860 345 1926 Nrmc
366 1879 493 1941 quoque
515 1861 579 1926 iam
600 1861 732 1926 nimium
755 1861 897 1941 gaudens
919 1861 1124 1943 popularibus
1146 1860 1242 1925 auris.

251 1945 308 2011 Vis
331 1951 365 2010 et
388 1946 577 2027 Tarquinios
598 1965 705 2029 reges,
727 1946 929 2027 animamque
951 1946 1121 2029 superbam

250 2030 375 2097 Ultoris
395 2030 505 2110 Bruti,
526 2030 692 2112 fascesque
712 2031 823 2097 videre
845 2032 1015 2113 receptos?

160 2112 231 2179 820
253 2115 398 2181 Consulis
419 2115 578 2198 inperium
600 2117 652 2182 hic
674 2117 795 2200 primns
818 2135 991 2198 saevasque
1014 2133 1142 2181 secures

251 2201 410 2283 Accipiet,
431 2206 588 2284 natosque
609 2207 703 2284 pater
723 2220 807 2267 nova
827 2202 913 2267 bella
934 2202 1091 2266 moventis

250 2286 302 2352 Ad
322 2305 460 2369 poenam
482 2287 615 2370 pulchra
635 2306 694 2371 pro
715 2287 868 2352 libertate
889 2286 1025 2365 vocabit,

251 2370 379 2437 Infelixl
412 2372 594 2455 Utcumque
616 2372 723 2437 ierent
747 2390 785 2437 ea
806 2370 892 2438 faeta
913 2372 1062 2450 minores,

94 2538 98 2546 ς
251 2456 368 2524 Vincet
389 2477 479 2525 amor
499 2459 623 2541 patriae
644 2458 839 2540 laudumque
859 2458 1006 2523 inmensa
1028 2457 1151 2540 cupido.

160 2542 230 2608 825
252 2543 336 2621 Quin
358 2545 474 2610 Decios
496 2546 682 2627 Drusosque
703 2544 817 2627 procul
839 2562 1032 2625 saevumque
1054 2543 1158 2608 securi

159 2765 271 2828 Augusti
288 2765 395 2816 intentis.
412 2792 447 2801 -
465 2763 561 2831 Caspia
579 2781 674 2830 ragusa,
692 2767 803 2818 Maeotia
821 2765 907 2826 tellus,
927 2763 1011 2826 Nilus,
1029 2765 1124 2814 omnino
1143 2763 1256 2816 Oriens!
1286 2762 1348 2816 801.

161 2835 284 2894 turbarat,
303 2847 329 2883 v.
347 2830 377 2882 G.
396 2832 421 2895 1,
440 2829 515 2900 1634
550 2830 601 2883 803
618 2849 655 2898 sq.
673 2837 731 2897 „At
750 2835 852 2900 inquies,
870 2835 930 2884 haec
948 2834 1028 2883 omnia
1046 2834 1112 2883 intra
1130 2833 1209 2882 solam
1225 2832 1349 2899 Pelopon-

165 2916 251 2951 nesum
274 2903 358 2951 acta.“
392 2901 498 2952 Secutus
520 2908 560 2950 est
583 2902 607 2950 h.
631 2903 648 2952 Ι.
671 2909 745 2969 poeta
769 2902 916 2964 Pindarum,
940 2903 987 2952 nisi
1012 2901 1077 2951 l'orta
1102 2902 1183 2968 potius
1201 2901 1348 2952 neaeram

163 2968 280 3019 Pisandri
298 2969 457 3020 Carrinensis.
493 2968 617 3020 Pindarus
634 2970 773 3034 Herculem,
791 2973 847 3020 dnm
867 2971 980 3036 sequitur·
997 2985 1098 3020 cervam
1116 2969 1296 3038 Cerynitiderm
1317 2971 1350 3020 ad

161 3037 340 3105 Hyperboreos
360 3037 460 3103 desisse
484 3039 568 3088 tradit.
605 3038 697 3089 ilerum
721 3047 792 3089 terra
815 3040 919 3088 immane
940 3045 1058 3104 quantum
1080 3038 1175 3088 distare
1197 3038 1350 3088 credebatur

159 3120 183 3156 a
199 3104 373 3170 Peloponneso.
408 3105 435 3156 ln
452 3105 632 3172 Peloponneso,
653 3114 682 3157 ut
698 3107 796 3173 quidam
814 3108 931 3167 tradunt,
956 3114 1029 3156 natus
1052 3113 1107 3156 erat
1125 3106 1257 3166 Hercules,
1279 3114 1350 3156 certe

162 3173 297 3240 ,plurimum
319 3174 344 3223 in
366 3189 396 3223 ea
418 3175 581 3236 versabatur,
603 3176 684 3240 ibique
706 3183 731 3225 et
754 3176 818 3241 cepit
842 3191 929 3242 aprum
952 3174 1141 3242 Erymanthium
1163 3181 1189 3224 et
1207 3173 1350 3226 Lernaeam

165 3242 272 3309 hydram
288 3242 421 3301 interiecit3
439 3259 471 3293 ea
483 3244 570 3294 eadem
582 3243 709 3309 proiectus
726 3245 760 3294 ad
773 3245 947 3311 llpperhoreos
964 3244 1040 3304 verrit,
1057 3243 1130 3307 idque
1147 3258 1159 3292 s
1178 3243 1264 3304 atium,
1283 3244 1348 3308 quod

158 3311 268 3361 interest
284 3312 349 3361 iuter
361 3310 554 3376 Peloponnesum
570 3319 597 3362 et
608 3313 792 3379 Hyperboreos,
809 3312 962 3376 significatur
974 3327 989 3362 a
1001 3308 1130 3376 Virgilial
1212 3347 1218 3360 .
1235 3311 1349 3362 Bacchus

165 3380 274 3430 ‹lomitor
291 3379 382 3430 ludius.
394 3406 428 3416 -
438 3395 534 3446 parua,
552 3381 665 3446 pampino
685 3381 810 3431 involutis.
822 3409 857 3418 -
868 3382 943 3446 iuga,
962 3387 1022 3446 puta
1040 3380 1134 3442 biiuges
1149 3380 1241 3442 tigres3
1260 3378 1349 3430 Valer.

166 3447 234 3498 llas.
260 3447 286 3511 4,
312 3446 337 3511 4,
360 3444 377 3500 ὃ
402 3447 539 3513 „Quaeque
565 3463 653 3498 manns
679 3451 751 3499 ruodo
779 3449 901 3500 arantium
929 3450 1001 3499 houm
1027 3450 1146 3512 iugum
1171 3453 1350 3508 remorant,

164 3517 321 3582 triumphalia
338 3532 429 3567 carrus
448 3516 557 3567 habenas
576 3515 768 3582 retinuerunt.“l
801 3514 861 3568 806.
880 3516 968 3584 Nysa
985 3517 1046 3568 urbs
1064 3523 1090 3566 et
1107 3531 1176 3566 mons
1193 3515 1286 3577 Indiae,
1307 3516 1350 3566 uhi

166 3599 229 3648 puer
250 3585 361 3636 Bacchea
384 3601 399 3635 a
421 3585 535 3652 nymphis
562 3585 682 3636 educmus
708 3583 812 3654 fertum}
845 3583 905 3638 807.
931 3586 1084 3636 destiturum
1108 3600 1153 3651 pro
1178 3586 1300 3645 dubitas,
1325 3591 1350 3634 et

161 3652 289 3702 admiscet
309 3653 429 3704 Anchises
453 3669 523 3703 suam
547 3669 692 3720 personam,
718 3671 767 3720 qno
791 3654 898 3705 leniatur
920 3652 1072 3716 obiurgatio,
1097 3667 1160 3718 quae
1176 3654 1240 3703 inest
1264 3653 1288 3702 in
1312 3653 1350 3702 his

166 3718 262 3780 verbis3
281 3719 313 3770 cl.
332 3718 362 3770 G.
380 3719 405 3781 2,
422 3719 482 3772 433.
500 3749 533 3760 -
551 3725 687 3783 virtulem,
710 3723 811 3773 virtutis
829 3723 923 3774 scilicet
941 3721 1045 3784 laruam,
1066 3728 1094 3771 nt
1112 3718 1153 3783 10,
1170 3717 1222 3773 468
1239 3720 1349 3783 „lamam

160 3787 300 3838 extendere
318 3787 433 3860 lactis.“{
467 3788 527 3841 809.
545 3806 570 3840 ν.
589 3789 619 3841 G.
636 3787 661 3851 3,
673 3785 731 3851 PL!
765 3787 825 3842 811.
843 3789 934 3856 Regia,
952 3791 1057 3842 Numae.
1069 3817 1104 3828 -
1114 3792 1230 3872 primam
1242 3789 1350 3853 sundal

165 3855 280 3919 tegibus,
302 3857 407 3922 primurn
430 3859 558 3909 constitnit
578 3861 710 3925 llrmatqne
732 3859 842 3922 legibus,
866 3875 891 3907 v.
909 3859 938 3908 ll.
955 3856 980 3921 6,
999 3858 1038 3917 1.Ι
1073 3855 1126 3909 810
1144 3873 1180 3922 sq.
1200 3857 1349 3923 Pomponius

164 3922 273 3974 Sabinus
296 3925 397 3986 „Aucus
420 3925 530 3978 Marcius
553 3929 653 3977 vivente
676 3927 751 3978 Tullo
773 3943 849 3990 seqre
877 3927 985 3980 ferebat.
1015 3941 1070 3976 cnm
1093 3942 1107 3976 e
1129 3927 1207 3992 stirpe
1230 3926 1301 3989 regia
1323 3941 1350 3975 se

166 3994 319 4042 iactaret
338 3990 407 4056 (erat
424 4001 506 4044 auteur
526 4011 602 4061 nepos
613 3995 732 4062 Numae),
751 3995 888 4061 praelatum
907 3995 954 4045 sihi
966 3994 1075 4045 Tullum.
1110 3993 1197 4060 ltaque
1214 4000 1350 4055 statuerat,

153 4059 283 4125 favore
298 4061 467 4125 populari,
485 4062 585 4113 'Pullum
604 4079 686 4124 regern
698 4079 753 4113 curu
766 4071 817 4114 tota
831 4061 924 4112 familia
936 4058 1089 4128 occiderc.“l
1117 4061 1177 4115 818.
1194 4065 1349 4129 superbam,

166 4143 281 4192 maguam
297 4134 323 4179 et
340 4127 488 4193 excelsam!
521 4127 581 4181 819.
599 4136 722 4197 receptos,
741 4131 879 4181 translatos
898 4132 929 4181 ad
948 4147 976 4181 sa
994 4132 1140 4197 omninoque
1161 4132 1193 4182 ad
1206 4126 1349 4198 Consules}

166 4193 218 4248 823
235 4212 272 4262 sq.
291 4198 316 4248 iu
334 4210 513 4262 quamcumque
530 4205 627 4263 partem
644 4199 690 4248 hoc
706 4200 937 4264 interpretabuntur
954 4201 1060 4264 posteri,
1085 4201 1139 4266 plus
1163 4201 1228 4265 apud
1245 4199 1350 4249 Brutum

165 4265 262 4316 valebit
278 4280 348 4316 amor
366 4267 463 4331 patriae
480 4273 505 4316 et
522 4267 632 4317 studiose
644 4267 755 4332 appetita
767 4267 823 4317 laus
835 4274 902 4318 recte
912 4267 982 4331 iacti,
1000 4283 1073 4333 quam
1085 4268 1180 4318 caritas
1192 4264 1349 4332 liberorum!

159 4331 226 4386 825.
237 4335 335 4399 Decios,
352 4349 378 4384 v.
397 4333 428 4386 G.
442 4332 723 4398 2,169.-1)aasoa
740 4334 835 4398 Liviae,
853 4337 940 4387 uxoris
958 4338 1072 4400 Augusti,
1089 4352 1121 4386 ex
1140 4351 1169 4386 ea
1187 4342 1261 4399 gente
1279 4343 1350 4386 ortae
