<?xml version="1.0" encoding="UTF-8"?>
<!DOCTYPE html PUBLIC "-//W3C//DTD XHTML 1.0 Transitional//EN"
    "http://www.w3.org/TR/xhtml1/DTD/xhtml1-transitional.dtd">
<html xmlns="http://www.w3.org/1999/xhtml" xml:lang="en" lang="en">
 <head>
  <title>
</title>
<meta http-equiv="Content-Type" content="text/html;charset=utf-8" />
  <meta name='ocr-system' content='tesseract 3.04.00' />
  <meta name='ocr-capabilities' content='ocr_page ocr_carea ocr_par ocr_line ocrx_word'/>
</head>
<body>
  <div class='ocr_page' id='page_1' title='image "./carminabreviter00virggoog_0388.png"; bbox 0 0 2942 4975; ppageno 0'>
   <div class='ocr_carea' id='block_1_1' title="bbox 490 308 915 375">
    <p class='ocr_par' dir='ltr' id='par_1_1' title="bbox 490 308 915 375">
     <span class='ocr_line' id='line_1_1' title="bbox 490 308 915 375; baseline 0.002 -2"><span class='ocrx_word' id='word_1_1' title='bbox 490 308 703 373; x_wconf 82' lang='lat' dir='ltr'><strong>AENEIDOS</strong></span> <span class='ocrx_word' id='word_1_2' title='bbox 726 310 806 375; x_wconf 90' lang='lat' dir='ltr'><strong>LIB.</strong></span> <span class='ocrx_word' id='word_1_3' title='bbox 828 311 915 375; x_wconf 88' lang='lat' dir='ltr'><strong>VIII.</strong></span> 
     </span>
    </p>
   </div>
   <div class='ocr_carea' id='block_1_2' title="bbox 29 493 1219 3134">
    <p class='ocr_par' dir='ltr' id='par_1_2' title="bbox 29 493 1219 3134">
     <span class='ocr_line' id='line_1_2' title="bbox 196 493 1102 579; baseline 0.01 -19"><span class='ocrx_word' id='word_1_4' title='bbox 196 497 279 561; x_wconf 86' lang='lat' dir='ltr'>Turn</span> <span class='ocrx_word' id='word_1_5' title='bbox 302 513 427 577; x_wconf 91' lang='lat' dir='ltr'>quoque</span> <span class='ocrx_word' id='word_1_6' title='bbox 450 493 498 561; x_wconf 87' lang='lat' dir='ltr'>ias</span> <span class='ocrx_word' id='word_1_7' title='bbox 520 495 612 560; x_wconf 87' lang='lat' dir='ltr'>ncbIs</span> <span class='ocrx_word' id='word_1_8' title='bbox 635 496 776 561; x_wconf 88' lang='lat' dir='ltr'>Teucros</span> <span class='ocrx_word' id='word_1_9' title='bbox 798 515 922 562; x_wconf 88' lang='lat' dir='ltr'>armare</span> <span class='ocrx_word' id='word_1_10' title='bbox 943 497 1072 579; x_wconf 67' lang='lat' dir='ltr'>fussee</span> <span class='ocrx_word' id='word_1_11' title='bbox 1099 565 1102 570; x_wconf 24' lang='lat'><strong>⁴</strong></span> 
     </span>
     <span class='ocr_line' id='line_1_3' title="bbox 194 579 1106 662; baseline 0.004 -16"><span class='ocrx_word' id='word_1_12' title='bbox 194 582 263 647; x_wconf 90' lang='lat' dir='ltr'>Nec</span> <span class='ocrx_word' id='word_1_13' title='bbox 285 582 384 646; x_wconf 89' lang='lat' dir='ltr'>Pater</span> <span class='ocrx_word' id='word_1_14' title='bbox 405 579 608 662; x_wconf 91' lang='lat' dir='ltr'>omnipotens</span> <span class='ocrx_word' id='word_1_15' title='bbox 631 581 761 647; x_wconf 85' lang='lat' dir='ltr'><strong>Troiam</strong></span> <span class='ocrx_word' id='word_1_16' title='bbox 781 600 842 648; x_wconf 91' lang='lat' dir='ltr'>nec</span> <span class='ocrx_word' id='word_1_17' title='bbox 862 581 931 648; x_wconf 87' lang='lat' dir='ltr'>fata</span> <span class='ocrx_word' id='word_1_18' title='bbox 951 584 1106 650; x_wconf 85' lang='lat' dir='ltr'>vetabant</span> 
     </span>
     <span class='ocr_line' id='line_1_4' title="bbox 195 665 1217 752; baseline 0.005 -21"><span class='ocrx_word' id='word_1_19' title='bbox 195 666 289 731; x_wconf 86' lang='lat' dir='ltr'>Stare</span> <span class='ocrx_word' id='word_1_20' title='bbox 313 667 489 747; x_wconf 80' lang='lat' dir='ltr'>decemque</span> <span class='ocrx_word' id='word_1_21' title='bbox 511 665 590 731; x_wconf 88' lang='lat' dir='ltr'>alios</span> <span class='ocrx_word' id='word_1_22' title='bbox 612 666 775 731; x_wconf 86' lang='lat' dir='ltr'>Priamum</span> <span class='ocrx_word' id='word_1_23' title='bbox 795 685 965 749; x_wconf 86' lang='lat' dir='ltr'>superesse</span> <span class='ocrx_word' id='word_1_24' title='bbox 987 688 1046 752; x_wconf 91' lang='lat' dir='ltr'>per</span> <span class='ocrx_word' id='word_1_25' title='bbox 1067 688 1177 737; x_wconf 86' lang='lat' dir='ltr'>annos.</span> <span class='ocrx_word' id='word_1_26' title='bbox 1214 702 1217 710; x_wconf 94' lang='lat'>·</span> 
     </span>
     <span class='ocr_line' id='line_1_5' title="bbox 96 751 1163 834; baseline 0.004 -17"><span class='ocrx_word' id='word_1_27' title='bbox 96 752 173 817; x_wconf 88' lang='lat'>400</span> <span class='ocrx_word' id='word_1_28' title='bbox 195 752 239 816; x_wconf 89' lang='lat' dir='ltr'>Et</span> <span class='ocrx_word' id='word_1_29' title='bbox 260 770 358 829; x_wconf 88' lang='lat' dir='ltr'>nunc,</span> <span class='ocrx_word' id='word_1_30' title='bbox 379 751 408 816; x_wconf 93' lang='lat' dir='ltr'>si</span> <span class='ocrx_word' id='word_1_31' title='bbox 429 751 553 816; x_wconf 89' lang='lat' dir='ltr'>bellare</span> <span class='ocrx_word' id='word_1_32' title='bbox 574 770 668 832; x_wconf 87' lang='lat' dir='ltr'>paras</span> <span class='ocrx_word' id='word_1_33' title='bbox 691 756 789 833; x_wconf 91' lang='lat' dir='ltr'>atque</span> <span class='ocrx_word' id='word_1_34' title='bbox 810 752 890 817; x_wconf 88' lang='lat' dir='ltr'>haec</span> <span class='ocrx_word' id='word_1_35' title='bbox 911 753 971 818; x_wconf 89' lang='lat' dir='ltr'>tibi</span> <span class='ocrx_word' id='word_1_36' title='bbox 991 773 1082 819; x_wconf 91' lang='lat' dir='ltr'>mens</span> <span class='ocrx_word' id='word_1_37' title='bbox 1105 760 1163 834; x_wconf 71' lang='lat' dir='ltr'>est,</span> 
     </span>
     <span class='ocr_line' id='line_1_6' title="bbox 196 836 1086 920; baseline 0.004 -19"><span class='ocrx_word' id='word_1_38' title='bbox 196 836 358 917; x_wconf 81' lang='lat' dir='ltr'>Quidquid</span> <span class='ocrx_word' id='word_1_39' title='bbox 379 836 413 901; x_wconf 92' lang='lat' dir='ltr'>in</span> <span class='ocrx_word' id='word_1_40' title='bbox 436 841 506 901; x_wconf 85' lang='lat' dir='ltr'>arte</span> <span class='ocrx_word' id='word_1_41' title='bbox 527 854 598 901; x_wconf 91' lang='lat' dir='ltr'>mea</span> <span class='ocrx_word' id='word_1_42' title='bbox 618 854 749 917; x_wconf 89' lang='lat' dir='ltr'>possum</span> <span class='ocrx_word' id='word_1_43' title='bbox 770 838 960 918; x_wconf 81' lang='lat' dir='ltr'>promittere</span> <span class='ocrx_word' id='word_1_44' title='bbox 983 858 1086 920; x_wconf 80' lang='lat' dir='ltr'>curae,</span> 
     </span>
     <span class='ocr_line' id='line_1_7' title="bbox 196 920 956 1004; baseline 0.004 -19"><span class='ocrx_word' id='word_1_45' title='bbox 196 922 289 999; x_wconf 82' lang='lat' dir='ltr'>Quod</span> <span class='ocrx_word' id='word_1_46' title='bbox 311 920 382 986; x_wconf 88' lang='lat' dir='ltr'>fieri</span> <span class='ocrx_word' id='word_1_47' title='bbox 402 920 489 986; x_wconf 83' lang='lat' dir='ltr'>ferro</span> <span class='ocrx_word' id='word_1_48' title='bbox 512 921 673 1002; x_wconf 85' lang='lat' dir='ltr'>liquidove</span> <span class='ocrx_word' id='word_1_49' title='bbox 694 927 805 1004; x_wconf 90' lang='lat' dir='ltr'>potest</span> <span class='ocrx_word' id='word_1_50' title='bbox 826 924 956 1002; x_wconf 90' lang='lat' dir='ltr'>electro,</span> 
     </span>
     <span class='ocr_line' id='line_1_8' title="bbox 195 1006 1152 1091; baseline 0.004 -20"><span class='ocrx_word' id='word_1_51' title='bbox 195 1006 358 1083; x_wconf 81' lang='lat' dir='ltr'>Quantum</span> <span class='ocrx_word' id='word_1_52' title='bbox 380 1007 472 1088; x_wconf 86' lang='lat' dir='ltr'>ignes</span> <span class='ocrx_word' id='word_1_53' title='bbox 494 1006 683 1088; x_wconf 83' lang='lat' dir='ltr'>animaeque</span> <span class='ocrx_word' id='word_1_54' title='bbox 705 1008 828 1088; x_wconf 89' lang='lat' dir='ltr'>valent,</span> <span class='ocrx_word' id='word_1_55' title='bbox 850 1009 970 1073; x_wconf 91' lang='lat' dir='ltr'>absiste</span> <span class='ocrx_word' id='word_1_56' title='bbox 991 1011 1152 1091; x_wconf 90' lang='lat' dir='ltr'>precando</span> 
     </span>
     <span class='ocr_line' id='line_1_9' title="bbox 193 1091 985 1158; baseline 0.003 -2"><span class='ocrx_word' id='word_1_57' title='bbox 193 1092 323 1156; x_wconf 87' lang='lat' dir='ltr'>Viribus</span> <span class='ocrx_word' id='word_1_58' title='bbox 345 1091 528 1156; x_wconf 87' lang='lat' dir='ltr'>Indubitare</span> <span class='ocrx_word' id='word_1_59' title='bbox 551 1092 624 1156; x_wconf 89' lang='lat' dir='ltr'>tuis.</span> <span class='ocrx_word' id='word_1_60' title='bbox 655 1094 717 1157; x_wconf 53' lang='lat' dir='ltr'>‘Ea</span> <span class='ocrx_word' id='word_1_61' title='bbox 738 1093 838 1157; x_wconf 85' lang='lat' dir='ltr'>verba</span> <span class='ocrx_word' id='word_1_62' title='bbox 859 1094 985 1158; x_wconf 89' lang='lat' dir='ltr'>locutus</span> 
     </span>
     <span class='ocr_line' id='line_1_10' title="bbox 99 1176 1029 1261; baseline 0.002 -20"><span class='ocrx_word' id='word_1_63' title='bbox 99 1178 171 1241; x_wconf 85' lang='lat'>405</span> <span class='ocrx_word' id='word_1_64' title='bbox 195 1176 332 1259; x_wconf 88' lang='lat' dir='ltr'>Optatos</span> <span class='ocrx_word' id='word_1_65' title='bbox 355 1177 446 1241; x_wconf 89' lang='lat' dir='ltr'>dedit</span> <span class='ocrx_word' id='word_1_66' title='bbox 468 1177 646 1258; x_wconf 71' lang='lat' dir='ltr'>amplexus,</span> <span class='ocrx_word' id='word_1_67' title='bbox 669 1178 893 1259; x_wconf 91' lang='lat' dir='ltr'>placidumque</span> <span class='ocrx_word' id='word_1_68' title='bbox 915 1179 1029 1261; x_wconf 87' lang='lat' dir='ltr'>petivit</span> 
     </span>
     <span class='ocr_line' id='line_1_11' title="bbox 194 1260 1059 1346; baseline 0.001 -19"><span class='ocrx_word' id='word_1_69' title='bbox 194 1262 345 1343; x_wconf 84' lang='lat' dir='ltr'>Coniugis</span> <span class='ocrx_word' id='word_1_70' title='bbox 366 1260 490 1326; x_wconf 83' lang='lat' dir='ltr'>infusus</span> <span class='ocrx_word' id='word_1_71' title='bbox 514 1262 635 1343; x_wconf 90' lang='lat' dir='ltr'>gremio</span> <span class='ocrx_word' id='word_1_72' title='bbox 658 1282 716 1343; x_wconf 92' lang='lat' dir='ltr'>per</span> <span class='ocrx_word' id='word_1_73' title='bbox 737 1264 883 1329; x_wconf 90' lang='lat' dir='ltr'>membra</span> <span class='ocrx_word' id='word_1_74' title='bbox 904 1282 1059 1346; x_wconf 88' lang='lat' dir='ltr'>soporem.</span> 
     </span>
     <span class='ocr_line' id='line_1_12' title="bbox 276 1346 1219 1434; baseline 0.004 -23"><span class='ocrx_word' id='word_1_75' title='bbox 276 1347 356 1411; x_wconf 92' lang='lat' dir='ltr'>Inde</span> <span class='ocrx_word' id='word_1_76' title='bbox 378 1346 433 1411; x_wconf 93' lang='lat' dir='ltr'>ubi</span> <span class='ocrx_word' id='word_1_77' title='bbox 455 1347 558 1428; x_wconf 87' lang='lat' dir='ltr'>prima</span> <span class='ocrx_word' id='word_1_78' title='bbox 579 1347 670 1427; x_wconf 91' lang='lat' dir='ltr'>quies</span> <span class='ocrx_word' id='word_1_79' title='bbox 693 1349 799 1434; x_wconf 88' lang='lat' dir='ltr'>medio</span> <span class='ocrx_word' id='word_1_80' title='bbox 820 1349 884 1413; x_wconf 93' lang='lat' dir='ltr'>iam</span> <span class='ocrx_word' id='word_1_81' title='bbox 906 1349 1011 1414; x_wconf 87' lang='lat' dir='ltr'>noctis</span> <span class='ocrx_word' id='word_1_82' title='bbox 1033 1350 1165 1415; x_wconf 81' lang='lat' dir='ltr'>abactae</span> <span class='ocrx_word' id='word_1_83' title='bbox 1216 1365 1219 1376; x_wconf 90' lang='lat'>·</span> 
     </span>
     <span class='ocr_line' id='line_1_13' title="bbox 194 1431 1136 1515; baseline 0.002 -18"><span class='ocrx_word' id='word_1_84' title='bbox 194 1431 360 1497; x_wconf 86' lang='lat' dir='ltr'>Curriculo</span> <span class='ocrx_word' id='word_1_85' title='bbox 384 1432 551 1513; x_wconf 84' lang='lat' dir='ltr'>expulerat</span> <span class='ocrx_word' id='word_1_86' title='bbox 573 1450 732 1506; x_wconf 80' lang='lat' dir='ltr'>somnum,</span> <span class='ocrx_word' id='word_1_87' title='bbox 756 1452 828 1498; x_wconf 91' lang='lat' dir='ltr'>cum</span> <span class='ocrx_word' id='word_1_88' title='bbox 850 1433 970 1499; x_wconf 80' lang='lat' dir='ltr'>femina</span> <span class='ocrx_word' id='word_1_89' title='bbox 990 1434 1136 1515; x_wconf 90' lang='lat' dir='ltr'>primum,</span> 
     </span>
     <span class='ocr_line' id='line_1_14' title="bbox 194 1516 975 1599; baseline 0.004 -17"><span class='ocrx_word' id='word_1_90' title='bbox 194 1516 254 1582; x_wconf 85' lang='lat' dir='ltr'>Cui</span> <span class='ocrx_word' id='word_1_91' title='bbox 276 1517 415 1581; x_wconf 89' lang='lat' dir='ltr'>tolerare</span> <span class='ocrx_word' id='word_1_92' title='bbox 439 1517 509 1582; x_wconf 91' lang='lat' dir='ltr'>colo</span> <span class='ocrx_word' id='word_1_93' title='bbox 531 1517 630 1581; x_wconf 89' lang='lat' dir='ltr'>vitam</span> <span class='ocrx_word' id='word_1_94' title='bbox 652 1518 806 1599; x_wconf 89' lang='lat' dir='ltr'>tenuique</span> <span class='ocrx_word' id='word_1_95' title='bbox 828 1519 975 1585; x_wconf 87' lang='lat' dir='ltr'>Minerva</span> 
     </span>
     <span class='ocr_line' id='line_1_15' title="bbox 100 1601 1017 1686; baseline -0.001 -17"><span class='ocrx_word' id='word_1_96' title='bbox 100 1603 171 1669; x_wconf 88' lang='grc'>410</span> <span class='ocrx_word' id='word_1_97' title='bbox 193 1601 384 1683; x_wconf 84' lang='lat' dir='ltr'>inpositum,</span> <span class='ocrx_word' id='word_1_98' title='bbox 408 1602 548 1667; x_wconf 90' lang='lat' dir='ltr'>cinerem</span> <span class='ocrx_word' id='word_1_99' title='bbox 571 1607 605 1667; x_wconf 89' lang='lat' dir='ltr'>et</span> <span class='ocrx_word' id='word_1_100' title='bbox 627 1604 748 1686; x_wconf 88' lang='lat' dir='ltr'>sopitos</span> <span class='ocrx_word' id='word_1_101' title='bbox 770 1604 905 1668; x_wconf 89' lang='lat' dir='ltr'>suscitat</span> <span class='ocrx_word' id='word_1_102' title='bbox 925 1604 1017 1685; x_wconf 87' lang='lat' dir='ltr'>ignis,</span> 
     </span>
     <span class='ocr_line' id='line_1_16' title="bbox 192 1686 1146 1772; baseline 0.004 -21"><span class='ocrx_word' id='word_1_103' title='bbox 192 1688 330 1752; x_wconf 84' lang='lat' dir='ltr'>Noctem</span> <span class='ocrx_word' id='word_1_104' title='bbox 352 1688 472 1752; x_wconf 88' lang='lat' dir='ltr'>addens</span> <span class='ocrx_word' id='word_1_105' title='bbox 496 1688 599 1770; x_wconf 88' lang='lat' dir='ltr'>operi,</span> <span class='ocrx_word' id='word_1_106' title='bbox 623 1686 822 1770; x_wconf 86' lang='lat' dir='ltr'>famulasque</span> <span class='ocrx_word' id='word_1_107' title='bbox 844 1690 884 1754; x_wconf 91' lang='lat' dir='ltr'>ad</span> <span class='ocrx_word' id='word_1_108' title='bbox 906 1689 1029 1754; x_wconf 88' lang='lat' dir='ltr'>lumina</span> <span class='ocrx_word' id='word_1_109' title='bbox 1049 1689 1146 1772; x_wconf 91' lang='lat' dir='ltr'>longo</span> 
     </span>
     <span class='ocr_line' id='line_1_17' title="bbox 192 1773 952 1853; baseline 0.004 -17"><span class='ocrx_word' id='word_1_110' title='bbox 192 1773 332 1837; x_wconf 85' lang='lat' dir='ltr'>Exercet</span> <span class='ocrx_word' id='word_1_111' title='bbox 354 1790 467 1853; x_wconf 86' lang='lat' dir='ltr'>penso,</span> <span class='ocrx_word' id='word_1_112' title='bbox 491 1778 613 1837; x_wconf 87' lang='lat' dir='ltr'>castum</span> <span class='ocrx_word' id='word_1_113' title='bbox 636 1779 677 1848; x_wconf 50' lang='lat' dir='ltr'>ut.</span> <span class='ocrx_word' id='word_1_114' title='bbox 694 1792 824 1839; x_wconf 86' lang='lat' dir='ltr'>servare</span> <span class='ocrx_word' id='word_1_115' title='bbox 847 1775 952 1840; x_wconf 91' lang='lat' dir='ltr'>cubile</span> 
     </span>
     <span class='ocr_line' id='line_1_18' title="bbox 193 1857 951 1939; baseline 0.003 -17"><span class='ocrx_word' id='word_1_116' title='bbox 193 1857 344 1939; x_wconf 84' lang='lat' dir='ltr'>Coniugis</span> <span class='ocrx_word' id='word_1_117' title='bbox 367 1863 400 1922; x_wconf 93' lang='lat' dir='ltr'>et</span> <span class='ocrx_word' id='word_1_118' title='bbox 421 1858 524 1939; x_wconf 85' lang='lat' dir='ltr'>pessit</span> <span class='ocrx_word' id='word_1_119' title='bbox 545 1877 661 1939; x_wconf 83' lang='lat' dir='ltr'>parvos</span> <span class='ocrx_word' id='word_1_120' title='bbox 684 1860 822 1924; x_wconf 88' lang='lat' dir='ltr'>educere</span> <span class='ocrx_word' id='word_1_121' title='bbox 845 1864 951 1924; x_wconf 90' lang='lat' dir='ltr'>natos:</span> 
     </span>
     <span class='ocr_line' id='line_1_19' title="bbox 40 1941 1089 2029; baseline 0.004 -23"><span class='ocrx_word' id='word_1_122' title='bbox 40 2026 42 2029; x_wconf 12' lang='lat' dir='ltr'>v</span> <span class='ocrx_word' id='word_1_123' title='bbox 191 1941 286 2007; x_wconf 83' lang='lat' dir='ltr'>Haud</span> <span class='ocrx_word' id='word_1_124' title='bbox 309 1960 400 2007; x_wconf 88' lang='lat' dir='ltr'>secus</span> <span class='ocrx_word' id='word_1_125' title='bbox 423 1942 610 2025; x_wconf 80' lang='lat' dir='ltr'>Ignipotens</span> <span class='ocrx_word' id='word_1_126' title='bbox 632 1962 693 2009; x_wconf 91' lang='lat' dir='ltr'>nec</span> <span class='ocrx_word' id='word_1_127' title='bbox 715 1949 861 2026; x_wconf 91' lang='lat' dir='ltr'>tempore</span> <span class='ocrx_word' id='word_1_128' title='bbox 883 1944 1012 2027; x_wconf 84' lang='lat' dir='ltr'>segnior</span> <span class='ocrx_word' id='word_1_129' title='bbox 1033 1946 1089 2010; x_wconf 92' lang='lat' dir='ltr'>illo</span> 
     </span>
     <span class='ocr_line' id='line_1_20' title="bbox 29 2027 983 2111; baseline -0.001 -17"><span class='ocrx_word' id='word_1_130' title='bbox 29 2028 47 2038; x_wconf 83' lang='grc'><em>”</em></span> <span class='ocrx_word' id='word_1_131' title='bbox 101 2027 169 2096; x_wconf 87' lang='grc'>415</span> <span class='ocrx_word' id='word_1_132' title='bbox 192 2027 342 2093; x_wconf 89' lang='lat' dir='ltr'>Mollibus</span> <span class='ocrx_word' id='word_1_133' title='bbox 366 2046 383 2092; x_wconf 94' lang='lat' dir='ltr'>e</span> <span class='ocrx_word' id='word_1_134' title='bbox 406 2029 516 2093; x_wconf 87' lang='lat' dir='ltr'>stratis</span> <span class='ocrx_word' id='word_1_135' title='bbox 540 2046 638 2109; x_wconf 91' lang='lat' dir='ltr'>opera</span> <span class='ocrx_word' id='word_1_136' title='bbox 660 2029 711 2093; x_wconf 94' lang='lat' dir='ltr'>ad·</span> <span class='ocrx_word' id='word_1_137' title='bbox 723 2028 850 2093; x_wconf 88' lang='lat' dir='ltr'>fabrilia</span> <span class='ocrx_word' id='word_1_138' title='bbox 872 2030 983 2111; x_wconf 89' lang='lat' dir='ltr'>surgit.</span> 
     </span>
     <span class='ocr_line' id='line_1_21' title="bbox 191 2112 931 2195; baseline 0.003 -18"><span class='ocrx_word' id='word_1_139' title='bbox 191 2114 301 2179; x_wconf 89' lang='lat' dir='ltr'>Insula</span> <span class='ocrx_word' id='word_1_140' title='bbox 322 2112 483 2178; x_wconf 86' lang='lat' dir='ltr'>Sicanium</span> <span class='ocrx_word' id='word_1_141' title='bbox 505 2113 699 2178; x_wconf 75' lang='lat' dir='ltr'>instalatus</span> <span class='ocrx_word' id='word_1_142' title='bbox 721 2114 931 2195; x_wconf 87' lang='lat' dir='ltr'>Aeoliamque</span> 
     </span>
     <span class='ocr_line' id='line_1_22' title="bbox 191 2197 1081 2279; baseline 0.002 -16"><span class='ocrx_word' id='word_1_143' title='bbox 191 2198 335 2279; x_wconf 87' lang='lat' dir='ltr'>Erigitur</span> <span class='ocrx_word' id='word_1_144' title='bbox 356 2198 509 2279; x_wconf 87' lang='lat' dir='ltr'>Liparen,</span> <span class='ocrx_word' id='word_1_145' title='bbox 532 2197 729 2264; x_wconf 83' lang='lat' dir='ltr'>fumantibus</span> <span class='ocrx_word' id='word_1_146' title='bbox 752 2198 852 2263; x_wconf 90' lang='lat' dir='ltr'>ardua</span> <span class='ocrx_word' id='word_1_147' title='bbox 872 2199 957 2265; x_wconf 87' lang='lat' dir='ltr'>saxis</span> <span class='ocrx_word' id='word_1_148' title='bbox 978 2235 1022 2245; x_wconf 95' lang='lat'>-</span> <span class='ocrx_word' id='word_1_149' title='bbox 1073 2227 1081 2256; x_wconf 74' lang='grc' dir='ltr'><strong><em>ο</em></strong></span> 
     </span>
     <span class='ocr_line' id='line_1_23' title="bbox 191 2283 1086 2365; baseline 0.002 -18"><span class='ocrx_word' id='word_1_150' title='bbox 191 2284 293 2361; x_wconf 83' lang='lat' dir='ltr'>Quam</span> <span class='ocrx_word' id='word_1_151' title='bbox 315 2284 427 2348; x_wconf 88' lang='lat' dir='ltr'>subter</span> <span class='ocrx_word' id='word_1_152' title='bbox 449 2302 563 2365; x_wconf 88' lang='lat' dir='ltr'>specus</span> <span class='ocrx_word' id='word_1_153' title='bbox 587 2289 620 2348; x_wconf 96' lang='grc'>31</span> <span class='ocrx_word' id='word_1_154' title='bbox 643 2283 815 2365; x_wconf 82' lang='lat' dir='ltr'>Cyclopum</span> <span class='ocrx_word' id='word_1_155' title='bbox 839 2301 933 2349; x_wconf 83' lang='lat' dir='ltr'>exesa</span> <span class='ocrx_word' id='word_1_156' title='bbox 955 2284 1086 2349; x_wconf 88' lang='lat' dir='ltr'>caminis</span> 
     </span>
     <span class='ocr_line' id='line_1_24' title="bbox 189 2368 1090 2450; baseline 0 -16"><span class='ocrx_word' id='word_1_157' title='bbox 189 2370 295 2434; x_wconf 81' lang='lat' dir='ltr'>Antra</span> <span class='ocrx_word' id='word_1_158' title='bbox 316 2370 461 2434; x_wconf 82' lang='lat' dir='ltr'>Aetnaea</span> <span class='ocrx_word' id='word_1_159' title='bbox 482 2372 610 2447; x_wconf 89' lang='lat' dir='ltr'>tonant,</span> <span class='ocrx_word' id='word_1_160' title='bbox 633 2368 795 2450; x_wconf 90' lang='lat' dir='ltr'>validique</span> <span class='ocrx_word' id='word_1_161' title='bbox 817 2368 986 2434; x_wconf 90' lang='lat' dir='ltr'>incudibus</span> <span class='ocrx_word' id='word_1_162' title='bbox 1007 2369 1090 2434; x_wconf 89' lang='lat' dir='ltr'>ictus</span> 
     </span>
     <span class='ocr_line' id='line_1_25' title="bbox 100 2434 1050 2536; baseline -0.003 -15"><span class='ocrx_word' id='word_1_163' title='bbox 100 2434 468 2521; x_wconf 76' lang='grc'><strong>42013111133133331</strong></span> <span class='ocrx_word' id='word_1_164' title='bbox 490 2453 656 2536; x_wconf 82' lang='lat' dir='ltr'>gemitum,</span> <span class='ocrx_word' id='word_1_165' title='bbox 679 2454 883 2536; x_wconf 87' lang='lat' dir='ltr'>striduntque</span> <span class='ocrx_word' id='word_1_166' title='bbox 906 2453 1050 2520; x_wconf 82' lang='lat' dir='ltr'>cavernIs</span> 
     </span>
     <span class='ocr_line' id='line_1_26' title="bbox 189 2539 1165 2621; baseline 0 -17"><span class='ocrx_word' id='word_1_167' title='bbox 189 2540 367 2604; x_wconf 87' lang='lat' dir='ltr'>Stricturae</span> <span class='ocrx_word' id='word_1_168' title='bbox 390 2539 580 2621; x_wconf 83' lang='lat' dir='ltr'>Chalybum,</span> <span class='ocrx_word' id='word_1_169' title='bbox 605 2545 638 2604; x_wconf 92' lang='lat' dir='ltr'>et</span> <span class='ocrx_word' id='word_1_170' title='bbox 658 2539 841 2605; x_wconf 86' lang='lat' dir='ltr'>fornacibus</span> <span class='ocrx_word' id='word_1_171' title='bbox 863 2540 947 2620; x_wconf 84' lang='lat' dir='ltr'>ignis</span> <span class='ocrx_word' id='word_1_172' title='bbox 969 2540 1101 2606; x_wconf 89' lang='lat' dir='ltr'>anhelat</span> <span class='ocrx_word' id='word_1_173' title='bbox 1121 2575 1165 2586; x_wconf 92' lang='lat'>-</span> 
     </span>
     <span class='ocr_line' id='line_1_27' title="bbox 109 2624 984 2704; baseline 0.002 -16"><span class='ocrx_word' id='word_1_174' title='bbox 109 2677 114 2688; x_wconf 86' lang='grc'><em>,</em></span> <span class='ocrx_word' id='word_1_175' title='bbox 189 2624 323 2690; x_wconf 86' lang='lat' dir='ltr'>Volcani</span> <span class='ocrx_word' id='word_1_176' title='bbox 346 2626 472 2704; x_wconf 91' lang='lat' dir='ltr'>domus,</span> <span class='ocrx_word' id='word_1_177' title='bbox 495 2629 529 2688; x_wconf 89' lang='lat' dir='ltr'>ct</span> <span class='ocrx_word' id='word_1_178' title='bbox 550 2625 705 2690; x_wconf 90' lang='lat' dir='ltr'>Volcania</span> <span class='ocrx_word' id='word_1_179' title='bbox 727 2625 855 2690; x_wconf 92' lang='lat' dir='ltr'>nomine</span> <span class='ocrx_word' id='word_1_180' title='bbox 879 2625 984 2690; x_wconf 89' lang='lat' dir='ltr'>tellus.</span> 
     </span>
     <span class='ocr_line' id='line_1_28' title="bbox 188 2710 1031 2792; baseline -0.001 -18"><span class='ocrx_word' id='word_1_181' title='bbox 188 2711 258 2774; x_wconf 89' lang='lat' dir='ltr'>Hoc</span> <span class='ocrx_word' id='word_1_182' title='bbox 280 2715 358 2774; x_wconf 89' lang='lat' dir='ltr'>tunc</span> <span class='ocrx_word' id='word_1_183' title='bbox 380 2710 568 2792; x_wconf 87' lang='lat' dir='ltr'>Ignipotens</span> <span class='ocrx_word' id='word_1_184' title='bbox 591 2711 679 2775; x_wconf 91' lang='grc'><strong>33313</strong></span> <span class='ocrx_word' id='word_1_185' title='bbox 703 2711 871 2776; x_wconf 90' lang='lat' dir='ltr'>descendit</span> <span class='ocrx_word' id='word_1_186' title='bbox 894 2711 933 2775; x_wconf 90' lang='lat' dir='ltr'>ab</span> <span class='ocrx_word' id='word_1_187' title='bbox 956 2711 1031 2775; x_wconf 91' lang='lat' dir='ltr'>alto.</span> 
     </span>
     <span class='ocr_line' id='line_1_29' title="bbox 188 2795 1012 2878; baseline 0.001 -17"><span class='ocrx_word' id='word_1_188' title='bbox 188 2797 324 2861; x_wconf 88' lang='lat' dir='ltr'>Ferrum</span> <span class='ocrx_word' id='word_1_189' title='bbox 347 2795 540 2861; x_wconf 83' lang='lat' dir='ltr'>exercebant</span> <span class='ocrx_word' id='word_1_190' title='bbox 561 2800 653 2862; x_wconf 90' lang='lat' dir='ltr'>vasto</span> <span class='ocrx_word' id='word_1_191' title='bbox 676 2796 831 2878; x_wconf 83' lang='lat' dir='ltr'>Cyclopes</span> <span class='ocrx_word' id='word_1_192' title='bbox 853 2796 887 2860; x_wconf 91' lang='lat' dir='ltr'>in</span> <span class='ocrx_word' id='word_1_193' title='bbox 909 2800 1012 2875; x_wconf 83' lang='lat' dir='ltr'>antro,</span> 
     </span>
     <span class='ocr_line' id='line_1_30' title="bbox 98 2880 1189 2963; baseline -0.001 -16"><span class='ocrx_word' id='word_1_194' title='bbox 98 2882 165 2947; x_wconf 87' lang='grc'>425</span> <span class='ocrx_word' id='word_1_195' title='bbox 188 2881 393 2962; x_wconf 90' lang='lat' dir='ltr'>Brontesque</span> <span class='ocrx_word' id='word_1_196' title='bbox 416 2880 632 2963; x_wconf 85' lang='lat' dir='ltr'>Steropesque</span> <span class='ocrx_word' id='word_1_197' title='bbox 656 2887 690 2946; x_wconf 91' lang='grc'>31</span> <span class='ocrx_word' id='word_1_198' title='bbox 711 2883 815 2946; x_wconf 89' lang='lat' dir='ltr'>nudos</span> <span class='ocrx_word' id='word_1_199' title='bbox 838 2882 981 2946; x_wconf 89' lang='lat' dir='ltr'>membra</span> <span class='ocrx_word' id='word_1_200' title='bbox 1002 2881 1189 2962; x_wconf 86' lang='lat' dir='ltr'>Pyracmon.</span> 
     </span>
     <span class='ocr_line' id='line_1_31' title="bbox 187 2964 967 3048; baseline 0 -17"><span class='ocrx_word' id='word_1_201' title='bbox 187 2966 247 3031; x_wconf 93' lang='lat' dir='ltr'>His</span> <span class='ocrx_word' id='word_1_202' title='bbox 269 2964 476 3030; x_wconf 85' lang='lat' dir='ltr'>informatum</span> <span class='ocrx_word' id='word_1_203' title='bbox 498 2967 643 3030; x_wconf 89' lang='lat' dir='ltr'>manibus</span> <span class='ocrx_word' id='word_1_204' title='bbox 666 2967 729 3031; x_wconf 90' lang='lat' dir='ltr'>iam</span> <span class='ocrx_word' id='word_1_205' title='bbox 752 2970 844 3048; x_wconf 89' lang='lat' dir='ltr'>parte</span> <span class='ocrx_word' id='word_1_206' title='bbox 866 2967 967 3047; x_wconf 89' lang='lat' dir='ltr'>polita</span> 
     </span>
     <span class='ocr_line' id='line_1_32' title="bbox 187 3045 1059 3134; baseline 0 -18"><span class='ocrx_word' id='word_1_207' title='bbox 187 3045 324 3116; x_wconf 82' lang='lat' dir='ltr'>Fulmen</span> <span class='ocrx_word' id='word_1_208' title='bbox 348 3055 431 3130; x_wconf 88' lang='lat' dir='ltr'>erat,</span> <span class='ocrx_word' id='word_1_209' title='bbox 455 3054 524 3116; x_wconf 91' lang='lat' dir='ltr'>tcto</span> <span class='ocrx_word' id='word_1_210' title='bbox 549 3050 685 3117; x_wconf 87' lang='lat' dir='ltr'>Genitor</span> <span class='ocrx_word' id='word_1_211' title='bbox 707 3070 789 3132; x_wconf 94' lang='lat' dir='ltr'>quae</span> <span class='ocrx_word' id='word_1_212' title='bbox 811 3051 949 3134; x_wconf 90' lang='lat' dir='ltr'>plurima</span> <span class='ocrx_word' id='word_1_213' title='bbox 971 3051 1059 3116; x_wconf 91' lang='lat' dir='ltr'>caelo</span> 
     </span>
    </p>
   </div>
   <div class='ocr_carea' id='block_1_3' title="bbox 97 3226 1288 4194">
    <p class='ocr_par' dir='ltr' id='par_1_3' title="bbox 97 3226 1288 4194">
     <span class='ocr_line' id='line_1_33' title="bbox 97 3226 1287 3306; baseline -0.003 -16"><span class='ocrx_word' id='word_1_214' title='bbox 97 3234 441 3306; x_wconf 72' lang='grc' dir='ltr'><strong>331.Τ33,3.ν3314.1</strong></span> <span class='ocrx_word' id='word_1_215' title='bbox 476 3235 535 3289; x_wconf 83' lang='grc'>309.</span> <span class='ocrx_word' id='word_1_216' title='bbox 554 3238 585 3288; x_wconf 84' lang='grc'>31.</span> <span class='ocrx_word' id='word_1_217' title='bbox 598 3237 622 3301; x_wconf 80' lang='grc'><strong>7,</strong></span> <span class='ocrx_word' id='word_1_218' title='bbox 634 3234 777 3297; x_wconf 86' lang='grc'><strong>313-151</strong></span> <span class='ocrx_word' id='word_1_219' title='bbox 812 3236 871 3290; x_wconf 93' lang='grc'>402.</span> <span class='ocrx_word' id='word_1_220' title='bbox 890 3226 991 3300; x_wconf 80' lang='lat' dir='ltr'>electro,</span> <span class='ocrx_word' id='word_1_221' title='bbox 1004 3254 1029 3288; x_wconf 90' lang='lat' dir='ltr'>v.</span> <span class='ocrx_word' id='word_1_222' title='bbox 1042 3237 1072 3288; x_wconf 87' lang='lat' dir='ltr'>G.</span> <span class='ocrx_word' id='word_1_223' title='bbox 1086 3236 1111 3298; x_wconf 85' lang='lat'>3,</span> <span class='ocrx_word' id='word_1_224' title='bbox 1124 3235 1197 3304; x_wconf 86' lang='grc'><strong>5221</strong></span> <span class='ocrx_word' id='word_1_225' title='bbox 1227 3234 1287 3288; x_wconf 85' lang='grc'>403.</span> 
     </span>
     <span class='ocr_line' id='line_1_34' title="bbox 98 3300 1288 3372; baseline -0.003 -14"><span class='ocrx_word' id='word_1_226' title='bbox 98 3310 214 3368; x_wconf 84' lang='lat' dir='ltr'>animae,</span> <span class='ocrx_word' id='word_1_227' title='bbox 234 3307 336 3372; x_wconf 84' lang='lat' dir='ltr'>spiritus</span> <span class='ocrx_word' id='word_1_228' title='bbox 355 3305 456 3356; x_wconf 83' lang='grc'><strong>13111333.</strong></span> <span class='ocrx_word' id='word_1_229' title='bbox 474 3334 509 3343; x_wconf 93' lang='grc'>-</span> <span class='ocrx_word' id='word_1_230' title='bbox 528 3305 644 3357; x_wconf 86' lang='lat' dir='ltr'>Ceterum</span> <span class='ocrx_word' id='word_1_231' title='bbox 662 3308 770 3358; x_wconf 78' lang='lat' dir='ltr'>observa</span> <span class='ocrx_word' id='word_1_232' title='bbox 787 3308 924 3357; x_wconf 85' lang='lat' dir='ltr'>orationem</span> <span class='ocrx_word' id='word_1_233' title='bbox 941 3300 1151 3366; x_wconf 77' lang='grc' dir='ltr'><strong><em>ἀνακόλουθον,</em></strong></span> <span class='ocrx_word' id='word_1_234' title='bbox 1169 3321 1193 3356; x_wconf 90' lang='lat' dir='ltr'>v.</span> <span class='ocrx_word' id='word_1_235' title='bbox 1213 3304 1243 3356; x_wconf 88' lang='lat' dir='ltr'>G.</span> <span class='ocrx_word' id='word_1_236' title='bbox 1261 3303 1288 3368; x_wconf 85' lang='lat'>3,</span> 
     </span>
     <span class='ocr_line' id='line_1_35' title="bbox 99 3372 1288 3440; baseline -0.004 -13"><span class='ocrx_word' id='word_1_237' title='bbox 99 3372 163 3434; x_wconf 80' lang='lat'><strong>464;</strong></span> <span class='ocrx_word' id='word_1_238' title='bbox 188 3376 212 3424; x_wconf 92' lang='grc'>11</span> <span class='ocrx_word' id='word_1_239' title='bbox 235 3375 299 3424; x_wconf 91' lang='lat' dir='ltr'>enim</span> <span class='ocrx_word' id='word_1_240' title='bbox 321 3375 429 3425; x_wconf 83' lang='lat' dir='ltr'>debebat</span> <span class='ocrx_word' id='word_1_241' title='bbox 453 3375 548 3426; x_wconf 88' lang='lat' dir='ltr'>dicere:</span> <span class='ocrx_word' id='word_1_242' title='bbox 573 3375 696 3440; x_wconf 78' lang='lat' dir='ltr'>Quidquid</span> <span class='ocrx_word' id='word_1_243' title='bbox 721 3391 797 3426; x_wconf 83' lang='lat' dir='ltr'>curae</span> <span class='ocrx_word' id='word_1_244' title='bbox 814 3391 914 3440; x_wconf 86' lang='lat' dir='ltr'>possum</span> <span class='ocrx_word' id='word_1_245' title='bbox 932 3376 1076 3440; x_wconf 84' lang='lat' dir='ltr'>promittere</span> <span class='ocrx_word' id='word_1_246' title='bbox 1095 3410 1142 3436; x_wconf 89' lang='lat'>...,</span> <span class='ocrx_word' id='word_1_247' title='bbox 1165 3373 1199 3423; x_wconf 79' lang='lat' dir='ltr'>id</span> <span class='ocrx_word' id='word_1_248' title='bbox 1242 3389 1288 3422; x_wconf 84' lang='lat' dir='ltr'>re·</span> 
     </span>
     <span class='ocr_line' id='line_1_36' title="bbox 100 3389 1288 3512; baseline -0.006 -16"><span class='ocrx_word' id='word_1_249' title='bbox 100 3445 328 3508; x_wconf 76' lang='grc'><strong>33313131313,</strong></span> <span class='ocrx_word' id='word_1_250' title='bbox 351 3444 366 3492; x_wconf 91' lang='lat' dir='ltr'>i.</span> <span class='ocrx_word' id='word_1_251' title='bbox 391 3459 412 3494; x_wconf 90' lang='grc'>3.</span> <span class='ocrx_word' id='word_1_252' title='bbox 435 3444 469 3493; x_wconf 82' lang='lat' dir='ltr'>id</span> <span class='ocrx_word' id='word_1_253' title='bbox 487 3439 669 3512; x_wconf 68' lang='grc'><strong>1333311131</strong></span> <span class='ocrx_word' id='word_1_254' title='bbox 702 3441 763 3495; x_wconf 85' lang='grc'>406.</span> <span class='ocrx_word' id='word_1_255' title='bbox 786 3459 811 3492; x_wconf 88' lang='lat' dir='ltr'>v.</span> <span class='ocrx_word' id='word_1_256' title='bbox 830 3439 944 3509; x_wconf 75' lang='grc'><strong>13301</strong></span> <span class='ocrx_word' id='word_1_257' title='bbox 977 3439 1193 3508; x_wconf 64' lang='grc'><strong>4011313313.</strong></span> <span class='ocrx_word' id='word_1_258' title='bbox 1212 3389 1243 3489; x_wconf 64' lang='grc'>2.</span> <span class='ocrx_word' id='word_1_259' title='bbox 1261 3437 1288 3504; x_wconf 83' lang='grc'><strong>3,</strong></span> 
     </span>
     <span class='ocr_line' id='line_1_37' title="bbox 101 3507 1286 3574; baseline -0.004 -10"><span class='ocrx_word' id='word_1_260' title='bbox 101 3509 160 3564; x_wconf 84' lang='grc'><strong>130.</strong></span> <span class='ocrx_word' id='word_1_261' title='bbox 177 3539 212 3548; x_wconf 93' lang='grc'><strong>-</strong></span> <span class='ocrx_word' id='word_1_262' title='bbox 229 3513 338 3561; x_wconf 85' lang='grc'><strong>3133133</strong></span> <span class='ocrx_word' id='word_1_263' title='bbox 356 3512 388 3560; x_wconf 90' lang='grc'>31</span> <span class='ocrx_word' id='word_1_264' title='bbox 406 3525 513 3560; x_wconf 82' lang='grc'><strong>3333333</strong></span> <span class='ocrx_word' id='word_1_265' title='bbox 532 3519 558 3561; x_wconf 89' lang='grc'>31</span> <span class='ocrx_word' id='word_1_266' title='bbox 575 3527 711 3562; x_wconf 85' lang='lat' dir='ltr'>conversae</span> <span class='ocrx_word' id='word_1_267' title='bbox 729 3514 761 3562; x_wconf 89' lang='lat' dir='ltr'>ud</span> <span class='ocrx_word' id='word_1_268' title='bbox 780 3507 951 3570; x_wconf 67' lang='lat' dir='ltr'>descensum!</span> <span class='ocrx_word' id='word_1_269' title='bbox 984 3507 1035 3561; x_wconf 89' lang='grc'>408</span> <span class='ocrx_word' id='word_1_270' title='bbox 1054 3525 1108 3574; x_wconf 84' lang='lat' dir='ltr'>sqq.</span> <span class='ocrx_word' id='word_1_271' title='bbox 1126 3507 1157 3558; x_wconf 84' lang='lat' dir='ltr'>ci.</span> <span class='ocrx_word' id='word_1_272' title='bbox 1176 3508 1286 3559; x_wconf 77' lang='grc'><strong>1133111.</strong></span> 
     </span>
     <span class='ocr_line' id='line_1_38' title="bbox 100 3575 1288 3658; baseline -0.004 -27"><span class='ocrx_word' id='word_1_273' title='bbox 100 3578 142 3643; x_wconf 90' lang='grc'>12,</span> <span class='ocrx_word' id='word_1_274' title='bbox 159 3575 302 3641; x_wconf 60' lang='lat' dir='ltr'>tes—354</span> <span class='ocrx_word' id='word_1_275' title='bbox 336 3577 395 3630; x_wconf 88' lang='grc'>409.</span> <span class='ocrx_word' id='word_1_276' title='bbox 416 3580 902 3658; x_wconf 53' lang='grc' dir='ltr'><strong>13331,,3311113331313ι31333133131(</strong></span> <span class='ocrx_word' id='word_1_277' title='bbox 923 3580 995 3630; x_wconf 83' lang='lat' dir='ltr'>Serv.</span> <span class='ocrx_word' id='word_1_278' title='bbox 1019 3605 1053 3614; x_wconf 93' lang='lat'>—</span> <span class='ocrx_word' id='word_1_279' title='bbox 1076 3579 1151 3655; x_wconf 77' lang='grc'><strong>11113,</strong></span> <span class='ocrx_word' id='word_1_280' title='bbox 1169 3593 1194 3627; x_wconf 88' lang='grc' dir='ltr'>ν.</span> <span class='ocrx_word' id='word_1_281' title='bbox 1213 3575 1243 3627; x_wconf 88' lang='lat' dir='ltr'>G.</span> <span class='ocrx_word' id='word_1_282' title='bbox 1263 3576 1288 3640; x_wconf 86' lang='lat'>1,</span> 
     </span>
     <span class='ocr_line' id='line_1_39' title="bbox 100 3643 1288 3785; baseline -0.002 -19"><span class='ocrx_word' id='word_1_283' title='bbox 100 3643 268 3779; x_wconf 50' lang='lat' dir='ltr'>tiled</span> <span class='ocrx_word' id='word_1_284' title='bbox 281 3643 804 3785; x_wconf 60' lang='grc'><strong>111111101111111111</strong></span> <span class='ocrx_word' id='word_1_285' title='bbox 827 3645 1152 3767; x_wconf 68' lang='lat' dir='ltr'>ttidtttthl&#39;lt</span> <span class='ocrx_word' id='word_1_286' title='bbox 1174 3652 1288 3780; x_wconf 65' lang='lat' dir='ltr'>illiti</span> 
     </span>
     <span class='ocr_line' id='line_1_40' title="bbox 100 3781 1287 3849; baseline -0.003 -14"><span class='ocrx_word' id='word_1_287' title='bbox 100 3781 159 3836; x_wconf 89' lang='grc'><strong>419.</strong></span> <span class='ocrx_word' id='word_1_288' title='bbox 176 3786 270 3846; x_wconf 71' lang='lat' dir='ltr'>Acta,</span> <span class='ocrx_word' id='word_1_289' title='bbox 289 3784 364 3845; x_wconf 84' lang='lat' dir='ltr'>talia,</span> <span class='ocrx_word' id='word_1_290' title='bbox 388 3785 470 3849; x_wconf 85' lang='lat' dir='ltr'>qualia</span> <span class='ocrx_word' id='word_1_291' title='bbox 495 3790 551 3834; x_wconf 87' lang='lat' dir='ltr'>suut</span> <span class='ocrx_word' id='word_1_292' title='bbox 573 3783 680 3833; x_wconf 81' lang='lat' dir='ltr'>Aetnae:</span> <span class='ocrx_word' id='word_1_293' title='bbox 704 3785 836 3847; x_wconf 81' lang='lat' dir='ltr'>lgnIvcme.</span> <span class='ocrx_word' id='word_1_294' title='bbox 854 3812 888 3820; x_wconf 91' lang='lat'><em>-</em></span> <span class='ocrx_word' id='word_1_295' title='bbox 906 3785 991 3835; x_wconf 78' lang='grc'><strong>13331.</strong></span> <span class='ocrx_word' id='word_1_296' title='bbox 1009 3786 1090 3845; x_wconf 79' lang='lat' dir='ltr'>ictus,</span> <span class='ocrx_word' id='word_1_297' title='bbox 1114 3783 1156 3848; x_wconf 89' lang='lat' dir='ltr'>qui</span> <span class='ocrx_word' id='word_1_298' title='bbox 1177 3783 1240 3832; x_wconf 86' lang='lat' dir='ltr'>liunt</span> <span class='ocrx_word' id='word_1_299' title='bbox 1261 3782 1287 3832; x_wconf 83' lang='lat' dir='ltr'>iu</span> 
     </span>
     <span class='ocr_line' id='line_1_41' title="bbox 99 3845 1287 3917; baseline -0.003 -14"><span class='ocrx_word' id='word_1_300' title='bbox 99 3852 236 3916; x_wconf 83' lang='lat' dir='ltr'>incudibus,</span> <span class='ocrx_word' id='word_1_301' title='bbox 254 3867 279 3902; x_wconf 88' lang='lat' dir='ltr'>v.</span> <span class='ocrx_word' id='word_1_302' title='bbox 298 3849 322 3913; x_wconf 75' lang='lat'>7,</span> <span class='ocrx_word' id='word_1_303' title='bbox 340 3849 414 3911; x_wconf 83' lang='grc'><strong>2261</strong></span> <span class='ocrx_word' id='word_1_304' title='bbox 449 3851 507 3904; x_wconf 90' lang='grc'>420.</span> <span class='ocrx_word' id='word_1_305' title='bbox 531 3853 602 3902; x_wconf 78' lang='lat' dir='ltr'>And.</span> <span class='ocrx_word' id='word_1_306' title='bbox 623 3852 670 3915; x_wconf 72' lang='lat' dir='ltr'>reri</span> <span class='ocrx_word' id='word_1_307' title='bbox 685 3869 769 3916; x_wconf 73' lang='lat' dir='ltr'>gem,</span> <span class='ocrx_word' id='word_1_308' title='bbox 794 3853 929 3902; x_wconf 80' lang='lat' dir='ltr'>audiuntur</span> <span class='ocrx_word' id='word_1_309' title='bbox 946 3859 971 3902; x_wconf 89' lang='lat' dir='ltr'>et</span> <span class='ocrx_word' id='word_1_310' title='bbox 993 3858 1111 3902; x_wconf 84' lang='lat' dir='ltr'>resonant</span> <span class='ocrx_word' id='word_1_311' title='bbox 1128 3867 1174 3917; x_wconf 81' lang='lat' dir='ltr'>per·</span> <span class='ocrx_word' id='word_1_312' title='bbox 1191 3845 1287 3917; x_wconf 82' lang='grc'><strong>331331</strong></span> 
     </span>
     <span class='ocr_line' id='line_1_42' title="bbox 100 3915 1287 3988; baseline -0.004 -16"><span class='ocrx_word' id='word_1_313' title='bbox 100 3917 158 3972; x_wconf 86' lang='grc'><strong>421.</strong></span> <span class='ocrx_word' id='word_1_314' title='bbox 177 3919 229 3972; x_wconf 85' lang='lat' dir='ltr'>Str.</span> <span class='ocrx_word' id='word_1_315' title='bbox 250 3919 334 3982; x_wconf 76' lang='grc'><strong>01331,</strong></span> <span class='ocrx_word' id='word_1_316' title='bbox 353 3922 440 3984; x_wconf 84' lang='lat' dir='ltr'>quales</span> <span class='ocrx_word' id='word_1_317' title='bbox 459 3921 582 3971; x_wconf 89' lang='lat' dir='ltr'>cuduntur</span> <span class='ocrx_word' id='word_1_318' title='bbox 599 3919 631 3968; x_wconf 88' lang='lat' dir='ltr'>ab</span> <span class='ocrx_word' id='word_1_319' title='bbox 649 3920 732 3986; x_wconf 83' lang='lat' dir='ltr'>operis</span> <span class='ocrx_word' id='word_1_320' title='bbox 753 3919 907 3988; x_wconf 82' lang='lat' dir='ltr'>Chalybum,</span> <span class='ocrx_word' id='word_1_321' title='bbox 929 3933 954 3970; x_wconf 89' lang='lat' dir='ltr'>v.</span> <span class='ocrx_word' id='word_1_322' title='bbox 973 3918 1003 3970; x_wconf 83' lang='lat' dir='ltr'>G.</span> <span class='ocrx_word' id='word_1_323' title='bbox 1023 3919 1047 3982; x_wconf 94' lang='lat' dir='ltr'>l,</span> <span class='ocrx_word' id='word_1_324' title='bbox 1065 3915 1124 3985; x_wconf 87' lang='grc'>581</span> <span class='ocrx_word' id='word_1_325' title='bbox 1158 3916 1217 3970; x_wconf 84' lang='grc'>423.</span> <span class='ocrx_word' id='word_1_326' title='bbox 1236 3919 1287 3970; x_wconf 88' lang='lat' dir='ltr'>Hoc</span> 
     </span>
     <span class='ocr_line' id='line_1_43' title="bbox 100 3986 1286 4056; baseline -0.004 -16"><span class='ocrx_word' id='word_1_327' title='bbox 100 3986 765 4056; x_wconf 75' lang='grc' dir='ltr'><strong>33111331331133,313331)3313111131Ρ331133113</strong></span> <span class='ocrx_word' id='word_1_328' title='bbox 788 4004 817 4038; x_wconf 91' lang='grc'>33</span> <span class='ocrx_word' id='word_1_329' title='bbox 839 3991 865 4037; x_wconf 88' lang='grc'>31</span> <span class='ocrx_word' id='word_1_330' title='bbox 887 4005 951 4054; x_wconf 68' lang='lat' dir='ltr'>pto,-</span> <span class='ocrx_word' id='word_1_331' title='bbox 974 4002 1120 4053; x_wconf 83' lang='lat' dir='ltr'>quemquam</span> <span class='ocrx_word' id='word_1_332' title='bbox 1144 3988 1211 4040; x_wconf 84' lang='grc'><strong>1331</strong></span> <span class='ocrx_word' id='word_1_333' title='bbox 1236 3987 1286 4036; x_wconf 82' lang='grc'><strong>3313</strong></span> 
     </span>
     <span class='ocr_line' id='line_1_44' title="bbox 100 4043 1285 4141; baseline -0.003 -35"><span class='ocrx_word' id='word_1_334' title='bbox 100 4071 133 4107; x_wconf 87' lang='grc'>33</span> <span class='ocrx_word' id='word_1_335' title='bbox 150 4057 278 4108; x_wconf 81' lang='lat' dir='ltr'>Homerica</span> <span class='ocrx_word' id='word_1_336' title='bbox 296 4054 339 4106; x_wconf 86' lang='lat' dir='ltr'>illa</span> <span class='ocrx_word' id='word_1_337' title='bbox 358 4059 496 4124; x_wconf 79' lang='lat' dir='ltr'>exprimere</span> <span class='ocrx_word' id='word_1_338' title='bbox 514 4057 622 4107; x_wconf 84' lang='lat' dir='ltr'>voluerit</span> <span class='ocrx_word' id='word_1_339' title='bbox 640 4054 793 4133; x_wconf 35' lang='grc'><strong>1331313311</strong></span> <span class='ocrx_word' id='word_1_340' title='bbox 808 4059 939 4136; x_wconf 70' lang='grc' dir='ltr'><em>μεμαυῖα</em></span> <span class='ocrx_word' id='word_1_341' title='bbox 957 4050 1013 4135; x_wconf 64' lang='grc' dir='ltr'>33ιῖι</span> <span class='ocrx_word' id='word_1_342' title='bbox 1035 4046 1196 4141; x_wconf 70' lang='grc'><strong>0011133333</strong></span> <span class='ocrx_word' id='word_1_343' title='bbox 1214 4043 1285 4104; x_wconf 79' lang='lat' dir='ltr'>ro&#39;d’</span> 
     </span>
     <span class='ocr_line' id='line_1_45' title="bbox 102 4119 1285 4194; baseline 0.001 -19"><span class='ocrx_word' id='word_1_344' title='bbox 102 4119 301 4180; x_wconf 60' lang='grc'><strong>1313333111.</strong></span> <span class='ocrx_word' id='word_1_345' title='bbox 320 4122 438 4188; x_wconf 61' lang='lat' dir='ltr'>laese.</span> <span class='ocrx_word' id='word_1_346' title='bbox 459 4126 504 4176; x_wconf 90' lang='lat' dir='ltr'>0d.</span> <span class='ocrx_word' id='word_1_347' title='bbox 525 4122 566 4190; x_wconf 79' lang='lat'>17,</span> <span class='ocrx_word' id='word_1_348' title='bbox 583 4121 643 4187; x_wconf 87' lang='grc'>444,</span> <span class='ocrx_word' id='word_1_349' title='bbox 673 4128 788 4184; x_wconf 67' lang='grc' dir='ltr'><strong>,ποθεν</strong></span> <span class='ocrx_word' id='word_1_350' title='bbox 811 4121 896 4175; x_wconf 82' lang='grc'><strong>3313</strong></span> <span class='ocrx_word' id='word_1_351' title='bbox 921 4140 1022 4180; x_wconf 70' lang='lat' dir='ltr'>nomos</span> <span class='ocrx_word' id='word_1_352' title='bbox 1047 4123 1078 4175; x_wconf 72' lang='grc' dir='ltr'>ἐν</span> <span class='ocrx_word' id='word_1_353' title='bbox 1102 4141 1159 4194; x_wconf 71' lang='lat' dir='ltr'>opp</span> <span class='ocrx_word' id='word_1_354' title='bbox 1186 4121 1285 4191; x_wconf 55' lang='lat' dir='ltr'>‘&#39;VM“</span> 
     </span>
    </p>
   </div>
   <div class='ocr_carea' id='block_1_4' title="bbox 101 4191 1397 4260">
    <p class='ocr_par' dir='ltr' id='par_1_4' title="bbox 101 4191 1397 4260">
     <span class='ocr_line' id='line_1_46' title="bbox 101 4191 1397 4260; baseline -0.002 -16"><span class='ocrx_word' id='word_1_355' title='bbox 101 4195 236 4260; x_wconf 88' lang='lat' dir='ltr'>IIymn..in</span> <span class='ocrx_word' id='word_1_356' title='bbox 260 4193 335 4244; x_wconf 86' lang='lat' dir='ltr'>Mero.</span> <span class='ocrx_word' id='word_1_357' title='bbox 359 4191 422 4256; x_wconf 88' lang='lat'>155,</span> <span class='ocrx_word' id='word_1_358' title='bbox 445 4209 533 4260; x_wconf 82' lang='lat' dir='ltr'>parum</span> <span class='ocrx_word' id='word_1_359' title='bbox 555 4192 661 4244; x_wconf 78' lang='lat' dir='ltr'>feliciter</span> <span class='ocrx_word' id='word_1_360' title='bbox 689 4193 814 4253; x_wconf 80' lang='lat' dir='ltr'>imitatus,</span> <span class='ocrx_word' id='word_1_361' title='bbox 838 4195 937 4259; x_wconf 85' lang='lat' dir='ltr'>quando</span> <span class='ocrx_word' id='word_1_362' title='bbox 959 4209 990 4244; x_wconf 84' lang='lat' dir='ltr'>ea</span> <span class='ocrx_word' id='word_1_363' title='bbox 1014 4193 1111 4259; x_wconf 86' lang='lat' dir='ltr'>quidem</span> <span class='ocrx_word' id='word_1_364' title='bbox 1136 4192 1286 4256; x_wconf 71' lang='lat' dir='ltr'>significant:</span> <span class='ocrx_word' id='word_1_365' title='bbox 1389 4210 1397 4231; x_wconf 88' lang='lat'><strong>·</strong></span> 
     </span>
    </p>
   </div>
   <div class='ocr_carea' id='block_1_5' title="bbox 101 4247 1286 4398">
    <p class='ocr_par' dir='ltr' id='par_1_5' title="bbox 101 4247 1286 4398">
     <span class='ocr_line' id='line_1_47' title="bbox 101 4247 1286 4328; baseline -0.005 -16"><span class='ocrx_word' id='word_1_366' title='bbox 101 4277 217 4328; x_wconf 82' lang='lat' dir='ltr'>quorsum</span> <span class='ocrx_word' id='word_1_367' title='bbox 234 4267 261 4313; x_wconf 89' lang='lat' dir='ltr'>et</span> <span class='ocrx_word' id='word_1_368' title='bbox 278 4262 343 4312; x_wconf 90' lang='lat' dir='ltr'>unde</span> <span class='ocrx_word' id='word_1_369' title='bbox 363 4262 440 4311; x_wconf 87' lang='lat' dir='ltr'>haec</span> <span class='ocrx_word' id='word_1_370' title='bbox 457 4263 532 4312; x_wconf 82' lang='lat' dir='ltr'>itio?</span> <span class='ocrx_word' id='word_1_371' title='bbox 550 4278 575 4312; x_wconf 88' lang='lat' dir='ltr'>v.</span> <span class='ocrx_word' id='word_1_372' title='bbox 594 4259 620 4324; x_wconf 88' lang='grc'><strong>2,</strong></span> <span class='ocrx_word' id='word_1_373' title='bbox 638 4258 710 4317; x_wconf 89' lang='grc'><strong>6901</strong></span> <span class='ocrx_word' id='word_1_374' title='bbox 746 4247 807 4313; x_wconf 77' lang='grc'>427.</span> <span class='ocrx_word' id='word_1_375' title='bbox 825 4261 934 4313; x_wconf 78' lang='lat' dir='ltr'>Fulmen</span> <span class='ocrx_word' id='word_1_376' title='bbox 992 4276 1059 4327; x_wconf 81' lang='lat' dir='ltr'>qnae</span> <span class='ocrx_word' id='word_1_377' title='bbox 1091 4260 1196 4322; x_wconf 77' lang='grc'><strong>1331333,</strong></span> <span class='ocrx_word' id='word_1_378' title='bbox 1215 4257 1286 4308; x_wconf 80' lang='lat' dir='ltr'>lione.</span> 
     </span>
     <span class='ocr_line' id='line_1_48' title="bbox 101 4319 1285 4398; baseline -0.005 -17"><span class='ocrx_word' id='word_1_379' title='bbox 101 4329 191 4397; x_wconf 76' lang='lat' dir='ltr'>Odyss.</span> <span class='ocrx_word' id='word_1_380' title='bbox 215 4325 240 4393; x_wconf 85' lang='grc'><strong>5,</strong></span> <span class='ocrx_word' id='word_1_381' title='bbox 258 4327 308 4381; x_wconf 89' lang='grc'>421</span> <span class='ocrx_word' id='word_1_382' title='bbox 328 4345 365 4394; x_wconf 84' lang='lat' dir='ltr'>sq.</span> <span class='ocrx_word' id='word_1_383' title='bbox 388 4327 520 4392; x_wconf 83' lang='grc' dir='ltr'><strong>,,κῆτος,</strong></span> <span class='ocrx_word' id='word_1_384' title='bbox 550 4322 606 4383; x_wconf 78' lang='grc' dir='ltr'>οἷά</span> <span class='ocrx_word' id='word_1_385' title='bbox 634 4343 669 4380; x_wconf 82' lang='grc' dir='ltr'>τε</span> <span class='ocrx_word' id='word_1_386' title='bbox 697 4322 809 4380; x_wconf 75' lang='grc' dir='ltr'><em>πολλὰ</em></span> <span class='ocrx_word' id='word_1_387' title='bbox 834 4332 932 4398; x_wconf 78' lang='grc' dir='ltr'><em>τρέφει</em></span> <span class='ocrx_word' id='word_1_388' title='bbox 953 4319 1052 4383; x_wconf 77' lang='grc' dir='ltr'><strong><em>κλυτὸς</em></strong></span> <span class='ocrx_word' id='word_1_389' title='bbox 1076 4322 1285 4396; x_wconf 78' lang='grc' dir='ltr'><strong>Λμφιτρίτη.“1</strong></span> 
     </span>
    </p>
   </div>
   <div class='ocr_carea' id='block_1_6' title="bbox 0 0 1477 4975">
    <p class='ocr_par' dir='ltr' id='par_1_6' title="bbox 0 0 1477 4975">
     <span class='ocr_line' id='line_1_49' title="bbox 0 0 1477 4975; baseline 0 0"><span class='ocrx_word' id='word_1_390' title='bbox 0 0 1477 4975; x_wconf 95' lang='lat' dir='ltr'> </span> 
     </span>
    </p>
   </div>
  </div>
 </body>
</html>
