2942 4975
425 303 428 318 ·
534 265 747 332 AENEIDCS
769 266 848 332 LIB.
870 255 908 332 X.

219 455 369 533 Miratus,
392 456 501 535 stupet
522 453 556 516 in
579 453 698 532 Turno,
720 471 900 536 corpusque
922 457 1114 538 peringens
1160 491 1164 498 ·

220 541 357 606 Lumina
377 539 477 604 volvit
499 538 629 620 obitque
651 538 734 604 truci
757 541 868 620 procul
890 541 996 606 omnia
1016 542 1106 621 visu,

221 625 352 691 Talibus
373 630 409 702 et
430 623 524 690 dictis
545 623 572 688 it
594 628 707 689 contra
728 625 814 690 dicta
836 627 975 707 tyranni:

219 712 287 776 Aut
308 709 417 792 spoliis
441 728 500 791 ego
521 709 586 774 iam
606 709 708 791 raptis
729 710 884 776 laudabor
906 711 1026 793 opimis

114 795 199 863 450
219 798 286 862 Aut
306 795 373 861 leto
395 794 526 876 insigni3
548 795 628 859 sorti
650 798 745 876 pater
766 813 885 877 aequus
908 797 1036 879 utrique
1058 801 1116 864 est.

221 881 312 946 Tolle
334 880 444 945 minas.
486 880 586 945 Fatus
609 880 749 963 medium
770 882 917 962 procedit
937 882 970 946 in
993 901 1120 964 aequor.

219 966 367 1048 Frigidus
389 965 565 1031 Arcadibus
588 965 653 1031 coit
672 966 707 1030 in
728 967 916 1048 praecordia
937 969 1074 1049 sanguis.

220 1051 360 1117 Desiluit
381 1051 508 1116 Turnus
529 1050 658 1131 biiugum
680 1051 780 1132 pedes
802 1057 936 1133 apparat
957 1052 1004 1118 ire
1159 1119 1160 1124 ,

222 1135 413 1202 Comminus.
456 1136 565 1217 thue
586 1136 652 1211 leo,
673 1136 804 1218 specula
826 1155 896 1202 cum
917 1137 999 1202 uidit
1020 1137 1060 1204 ab
1083 1139 1148 1204 alta

121 1221 199 1287 455
221 1221 315 1287 Stare
336 1221 448 1303 procul
470 1221 589 1303 campis
611 1222 821 1286 meditantem
841 1222 875 1286 iu
897 1223 1020 1304 proelia
1041 1228 1177 1303 taurum,

221 1307 373 1372 Advolat:
395 1307 481 1374 haud
502 1307 565 1372 alia
586 1310 637 1370 est
659 1306 759 1372 Turni
780 1307 936 1372 venientis
957 1309 1070 1390 imago.

220 1393 316 1456 Hunc
336 1392 391 1457 ubi
413 1392 598 1474 contiguum
618 1391 735 1456 missae
757 1391 826 1457 fore
849 1393 985 1460 credidit
1007 1394 1126 1474 hastae,

221 1477 274 1542 Ire
295 1477 383 1559 prior
404 1477 522 1557 Pallas,
543 1476 570 1540 si
593 1495 657 1558 qua
677 1475 742 1548 fors
765 1478 894 1544 adiuvet
914 1497 1027 1545 ausum

221 1562 349 1627 Viribus
370 1561 548 1644 inparibus,
569 1581 783 1644 magnumque
804 1563 851 1628 ita
873 1564 913 1628 ad
935 1565 1067 1628 aethera
1088 1563 1188 1630 latur:

101 1647 200 1713 '460
220 1648 285 1712 Per
305 1647 407 1729 patris
428 1647 599 1729 hospitium
622 1653 656 1712 et
676 1666 816 1726 mensae,
838 1667 917 1729 quas
939 1650 1063 1716 advene
1084 1650 1186 1729 adisti,

221 1733 268 1797 Te
289 1751 418 1814 precor,
439 1733 565 1810 Alcide,
587 1733 710 1815 coeptis
731 1733 914 1815 ingentibus
936 1734 1029 1800 adsis.

222 1818 342 1884 Cernat
363 1817 513 1884 semineci
534 1817 595 1884 sibl
617 1837 668 1882 me
689 1837 803 1900 rapere
827 1837 915 1883 acme
936 1824 1077 1899 cruenta,

220 1903 447 1985 victoremque
468 1901 575 1968 ierant
595 1903 766 1968 morientia
787 1903 906 1968 lumina
928 1903 1035 1970 Turni.

221 1988 334 2054 Audiit
353 1988 482 2056 Alcides
503 1988 663 2065 iuvenem,
684 2006 898 2068 magnumque
921 1989 979 2054 sub
999 1990 1062 2054 imo

126 2073 199 2139 465
222 2073 325 2138 Corde
347 2073 465 2155 premit
486 2074 639 2154 gemitum
659 2071 870 2152 lacrimasque
894 2072 1029 2138 effundit
1049 2073 1160 2140 inanis.

222 2159 303 2224 Tum
325 2159 461 2223 Genitor
481 2162 592 2222 natum
614 2156 707 2222 dictis
729 2156 857 2227 adfatur
878 2158 1004 2222 amicis:

222 2243 294 2309 Stat
314 2262 372 2309 sua
394 2243 507 2324 cuique
529 2243 610 2322 dies3
633 2242 731 2330 breve
755 2247 788 2306 et
809 2241 1022 2323 inreparabile
1044 2247 1170 2326 tempus

222 2329 376 2395 Omnibus
399 2333 449 2394 est
469 2328 566 2407 vitae3
591 2327 649 2391 sed
670 2325 788 2392 famam
810 2328 982 2392 extendere
1004 2326 1105 2408 iactis,

220 2415 290 2480 Hoc
311 2414 440 2478 virtutis
462 2431 550 2495 opus.
594 2411 710 2477 Tr0iae
731 2413 790 2477 suh
812 2413 978 2478 moenibus
996 2409 1073 2478 altis

128 2502 200 2567 470
222 2501 285 2565 Tot
307 2499 562 2582 gnaticecidere
584 2498 692 2577 deum3
720 2499 796 2580 quin
819 2498 936 2563 oceidit
957 2518 1021 2565 uua

222 2585 399 2667 Sarpedon,
421 2602 493 2649 mea
513 2583 689 2665 progenies.
734 2584 840 2649 Etiam
862 2602 920 2668 sua
942 2585 1084 2651 Turnum

220 2672 303 2735 Fata
323 2674 450 2748 vocant,
475 2674 642 2749 metasque
664 2669 730 2734 dati
753 2669 900 2751 pervenit
922 2670 963 2734 ad
984 2671 1061 2735 aevi.

222 2755 274 2820 Sic
296 2755 354 2833 ait,
376 2759 472 2836 atque
495 2755 605 2820 oculos
626 2756 817 2820 Rutulorum
839 2754 944 2819 reiicit
966 2756 1057 2821 arvis.

221 2841 265 2905 At
285 2840 392 2906 Pallas
414 2840 536 2921 magnis
559 2839 678 2905 emittit
699 2841 818 2905 viribus
840 2840 972 2919 hastam,

127 2928 199 2993 475
221 2926 407 3007 Vaginaque
429 2944 507 2989 cava
528 2925 705 3005 fulgentem
729 2926 848 3008 deripit
869 2944 985 2991 ensem.

220 3012 282 3083 Illa
303 3012 427 3089 volans,
449 3010 574 3074 humeri
595 3016 732 3091 surgunt
753 3030 816 3093 qua
838 3012 978 3093 tegmina
1000 3030 1130 3092 summa,

222 3096 350 3174 Incidit,
373 3100 483 3176 atque,
505 3096 589 3159 viam
611 3095 704 3177 clipei
726 3097 916 3177 molitaper
939 3114 1021 3175 oras,

222 3182 366 3249 Tandem
388 3181 484 3245 etiam
506 3199 622 3261 magno
644 3180 774 3245 strinxit
796 3182 835 3245 de
859 3199 991 3262 corpore
1014 3182 1122 3247 Turni.

221 3268 282 3331 Hie
305 3267 431 3331 Turnus
452 3264 539 3330 ferro
561 3263 736 3347 praefixum
758 3266 856 3331 robur
878 3270 971 3330 acuto

134 3482 328 3542 abscessissent,
346 3487 375 3530 ut
392 3479 437 3529 sil.
455 3477 486 3527 lt.
503 3475 528 3541 9,
545 3475 596 3529 481
619 3478 768 3542 „remeantis
786 3479 810 3527 in
827 3480 930 3529 aethera
949 3479 1021 3529 divae
1037 3479 1191 3527 abscessu
1209 3485 1312 3529 revocat

135 3558 230 3603 meotes
247 3547 405 3609 Gradivus;“
430 3545 480 3596 Cic.
504 3562 550 3611 pro
574 3547 628 3609 lege
646 3546 729 3596 Manil.
748 3562 769 3595 o.
787 3544 804 3597 8
826 3547 896 3610 „eins
914 3547 1057 3599 adventu
1074 3546 1197 3596 maximae
1214 3546 1312 3597 Mithri·

19 3659 21 3674 ,
137 3619 205 3669 datis
223 3617 308 3684 copiae
325 3616 435 3667 omnibns
452 3616 527 3664 rebus
545 3616 680 3665 instructae
698 3612 822 3678 fuerunt,“
846 3616 862 3664 i.
880 3631 902 3665 e.
921 3631 975 3665 cum
993 3614 1120 3665 adveniret
1137 3612 1268 3677 Lucullum
1286 3624 1312 3668 ct
1333 3656 1340 3663 ,

21 3723 22 3742 l
136 3687 168 3737 cl.
188 3701 264 3752 snpra
275 3682 300 3749 8,
312 3683 371 3735 215.
384 3680 443 3734 583.
463 3710 493 3720 -
512 3688 569 3733 tum
586 3681 739 3734 referendum
757 3689 797 3733 est
813 3683 846 3731 ad
863 3684 996 3747 abscessu,
1014 3690 1139 3747 nmquam
1157 3685 1179 3733 si
1195 3684 1312 3750 scriptum

30 4069 31 4076 ,
138 4032 209 4093 prior
227 4032 274 4090 ire,
291 4033 459 4094 praevertere,
477 4017 597 4091 φθάσαι.
610 4053 644 4061 -
656 4027 688 4087 si,
700 4040 725 4074 v.
738 4024 767 4075 11.
779 4019 805 4087 6,
816 4019 833 4075 5

137 3757 184 3805 sit:
203 3755 300 3805 Rutulis
318 3754 476 3802 submotis
493 3752 589 3801 invenis
607 3756 674 3801 tum
692 3750 852 3800 mirabundus
871 3756 955 3817 stupet
962 3753 987 3810 ,“
1010 3751 1040 3801 de
1057 3765 1104 3815 qua
1122 3766 1149 3801 re
1166 3766 1190 3801 v.
1209 3749 1234 3813 2,
1252 3749 1311 3805 391.

137 3824 193 3874 Liv,
211 3819 253 3885 24,
270 3820 305 3873 45
323 3827 481 3887 „perpetrato
500 3819 563 3870 bello
582 3826 643 3870 tum
662 3834 718 3868 esse
740 3814 968 3887 consultandum.“{
1003 3814 1061 3869 449.
1085 3818 1116 3868 el.
1135 3821 1204 3871 llam.
1222 3820 1250 3871 ll.
1269 3820 1311 3885 22,

137 3888 210 3957 2534
244 3888 303 3941 450.
327 3890 456 3940 victoriam
480 3888 653 3953 egregiamque
673 3894 778 3937 mortem
802 3901 879 3952 aeque
902 3888 1018 3953 probabit
1041 3892 1112 3954 pater
1129 3887 1255 3952 linendec3
1281 3890 1312 3941 ci.

137 3976 177 4011 rs.
194 3957 267 4028 4434
302 3955 361 4008 455.
379 3958 445 4007 med.
464 3959 492 4007 in
505 3973 556 4025 pr,
574 3962 729 4007 exercentem
747 3970 774 4005 se
792 3956 823 4005 ed
834 3954 1008 4094 fignfflj‘fl'f
1021 3952 1046 4076 ἳέ,
1061 3952 1311 4095 ἓὲξ-ε2ῗ4ηὲ64458

851 4062 857 4073 .
957 4040 1012 4075 .c.
1042 4061 1049 4088 ,
1124 4040 1160 4091 sq.
1275 4040 1313 4093 sq.

31 4123 32 4145 t
139 4098 205 4147 dolet
227 4098 340 4161 graviter
362 4095 442 4143 animo
465 4093 597 4157 Hercules,
624 4094 667 4143 sed
693 4108 721 4142 re
739 4093 804 4142 rimlt
825 4098 851 4142 et
872 4092 979 4143 continet
1002 4108 1057 4144 enm
1079 4092 1212 4161 dolorem!
1251 4092 1312 4149 465.

139 4169 238 4227 inanes,
256 4162 497 4230 nibilprofuturss.1
530 4158 589 4211 468.
608 4162 640 4212 ci.
657 4157 682 4224 6,
753 4160 828 4211 ‚Sil
845 4159 875 4213 lt.
900 4158 929 4224 9,
951 4158 1003 4212 375
1021 4164 1086 4227 squ!
1121 4159 1179 4214 473.
1197 4176 1233 4213 oe.
1250 4161 1312 4213 aas.

141 4237 186 4285 rei.
213 4236 298 4296 areis,
324 4248 354 4283 ne
379 4230 463 4280 videet
489 4230 652 4281 miserandam
676 4228 800 4279 Pallantis
826 4229 932 4281 caedem
969 4228 1082 4281 Ceterum
1107 4245 1132 4279 v.
1151 4228 1181 4279 G.
1203 4225 1233 4293 4,
1255 4226 1314 4301 884
1405 4268 1425 4275 „

141 4299 198 4355 416.
226 4303 300 4353 dum.
327 4304 406 4365 tegra
434 4314 456 4347 s.
484 4311 548 4362 quse
575 4299 636 4360 sint,
659 4296 736 4348 'doeet
764 4312 801 4347 vs.
830 4296 979 4365 proximus!
1023 4295 1086 4431 478ὲ
1105 4301 1154 4347 etr.
1179 4295 1231 4355 ds<
1260 4347 1275 4369 4
1322 4345 1325 4348 .
1355 4306 1357 4309 ·

1053 4380 1069 4432 2
1094 4380 1110 4415 *
1258 4374 1285 4387 ““
