2942 4975
478 317 694 383 AENEIDOS
715 319 797 384 LIB.
819 319 875 386 XI.

168 504 203 569 Si
225 504 349 568 nullam
371 504 490 568 nostris
512 504 599 569 ultra
619 523 709 587 spem
730 505 823 587 ponis
844 506 878 570 in
902 508 1006 586 armis,

170 588 204 653 Si
228 592 295 653 tam
318 589 439 654 deserti
461 607 585 667 sumus,
607 596 641 655 et
663 590 764 655 semel
786 591 913 672 agmine
935 611 1028 657 verso

167 674 329 738 Funditus
351 673 540 752 oceidmms,
562 692 667 755 neque
690 675 788 740 babet
809 675 955 742 Fortuna
976 695 1167 759 regressum,

169 758 308 824 Oremus
329 776 442 840 paoem
465 762 499 823 et
520 759 651 824 dextras
673 761 843 825 tendamus
864 761 986 826 inertis.

81 843 145 909 415
168 844 369 927 Quamquam
391 863 411 908 o
433 843 461 907 si
482 843 598 910 solitae
619 843 789 926 quicquam
810 845 940 911 virtuts
963 847 1104 913 adessetl

166 929 228 994 Ille
249 928 328 993 mibi
351 934 426 994 ante
448 929 528 993 alios
550 928 798 1012 fortunamque
821 930 967 996 laborum

166 1015 390 1096 Egregiusque
412 1013 523 1091 animi,
545 1014 613 1095 qui,
633 1033 676 1078 ne
698 1015 775 1096 quid
799 1016 864 1080 tale
885 1017 1018 1096 adderet,

165 1099 343 1163 Procubuit
364 1098 506 1163 moriens
527 1104 562 1163 et
582 1099 715 1164 humum
736 1101 838 1165 semel
860 1119 915 1165 ore
939 1102 1118 1168 momordit

168 1183 226 1248 Sin
249 1188 283 1248 et
304 1202 382 1265 opes
402 1183 495 1248 nobis
518 1189 553 1248 et
573 1184 677 1250 adbuc
698 1184 822 1250 intacta
843 1185 1001 1264 iuventus,

80 1267 145 1334 420
166 1268 360 1349 Auxilioque
380 1268 477 1332 urbes
498 1268 602 1334 Italae
622 1269 798 1351 populique
820 1277 1003 1353 supersunt,

166 1352 225 1418 Sin
248 1358 283 1418 et
303 1353 450 1418 lroianis
472 1371 545 1418 cum
566 1353 669 1418 multo
691 1354 794 1435 gloria
814 1355 905 1420 venit

166 1438 346 1520 Sanguine:
366 1474 411 1484 —-
431 1443 509 1502 sunt
528 1438 594 1503 illis
614 1457 674 1504 sua
693 1437 822 1519 funera,
844 1458 965 1522 parque
987 1459 1046 1523 per
1068 1443 1174 1507 omnis

166 1524 356 1605 Tempestas
377 1559 420 1568 -
443 1542 500 1588 cur
520 1523 690 1589 indecores
711 1525 746 1588 in
767 1525 877 1590 bunne
899 1526 1001 1607 primo

165 1606 362 1673 Deficimus?
395 1612 550 1673 curante
572 1609 683 1674 tubam
706 1614 828 1674 tremor
850 1616 986 1693 occupat
1008 1613 1120 1677 artus?

78 1693 144 1760 425
166 1693 273 1758 Multa
294 1694 363 1758 dies
383 1693 528 1775 variique
550 1693 641 1759 labor
662 1694 826 1760 mutabilis
848 1696 919 1761 aevi

164 1778 307 1844 Rettulit
327 1779 362 1844 in
383 1779 510 1858 melius;
532 1780 653 1844 multos
675 1780 803 1846 alterna
824 1781 968 1846 revisens

166 1864 260 1928 Lusit
283 1868 316 1928 et
335 1864 370 1927 in
392 1863 495 1929 solido
516 1882 629 1929 rursus
650 1865 796 1931 Fortuna
817 1865 944 1931 locavit.

166 1947 242 2013 Non
264 1949 327 2013 erit
346 1949 463 2014 auxilio
485 1949 579 2014 nobis
599 1951 736 2015 Aetolus
759 1955 793 2014 et
813 1951 908 2032 Arpi:

166 2036 212 2099 At
233 2033 400 2116 Messapus
423 2034 486 2098 erit
507 2033 648 2116 felixque
671 2035 858 2100 Tolumnius
882 2040 915 2099 et
937 2054 1017 2117 quos

80 2119 146 2186 430
168 2119 233 2183 Tot
253 2120 364 2201 populi
385 2119 503 2183 misere
525 2120 636 2198 duces,
659 2138 720 2185 nec
743 2137 843 2201 parva
864 2126 1019 2201 sequetur

166 2203 278 2270 Gloria
301 2204 444 2269 delectos
466 2204 560 2269 Latio
583 2209 618 2269 et
637 2204 854 2270 Laurentibus
876 2206 971 2286 agris.

165 2291 227 2354 Est
249 2295 284 2354 et
304 2290 495 2356 Volscorum
518 2290 649 2372 egregia
671 2291 712 2355 de
734 2293 831 2372 gente
855 2289 996 2369 Camilla,

165 2377 292 2456 Agmen
314 2393 414 2456 agens
437 2374 581 2456 equitum
604 2379 638 2439 et
658 2374 804 2440 florentis
827 2392 901 2440 aere
925 2381 1079 2440 catervas.

167 2459 260 2537 Quod
281 2460 310 2525 si
331 2479 384 2526 me
406 2460 509 2525 solum
531 2459 648 2526 Teucri
669 2461 704 2525 in
727 2461 903 2526 certamina
924 2463 1069 2542 poscunt,

81 2546 143 2612 435
166 2545 269 2627 quue
291 2546 408 2627 placet,
430 2550 620 2627 tantumque
642 2546 734 2611 bonis
758 2547 977 2611 communibus
1000 2545 1102 2625 obsto,

166 2629 241 2696 Non
263 2631 343 2695 adeo
365 2632 424 2695 bas
446 2649 543 2696 exosa
563 2650 676 2696 manus
698 2631 843 2697 Victoria
864 2629 955 2713 fugit,

164 2716 212 2782 Ut
233 2720 327 2781 tanta
347 2716 518 2798 quicquam
539 2735 598 2798 pro
621 2734 678 2798 spe
700 2720 861 2798 temptare
882 2734 1037 2781 recusem.
1133 2720 1139 2735 ¹

164 2802 223 2866 Ibo
246 2801 360 2865 animis
383 2805 509 2880 contra,
530 2801 584 2866 uel
604 2820 757 2883 magnum
778 2806 924 2883 praestet
945 2801 1093 2867 Achillen

163 2887 329 2966 Factaque
352 2886 487 2951 Volcani
507 2886 655 2951 manibus
676 2887 768 2968 paria
788 2886 902 2951 induat
923 2906 1012 2952 arma

80 2972 142 3039 440
164 2972 227 3037 Ille
248 2971 334 3036 licet
377 2971 477 3037 Vobis
499 2971 638 3035 animam
659 2972 743 3037 hanc
764 2990 941 3053 soceroque
962 2972 1078 3037 Latino

167 3058 296 3122 Turnus
319 3072 393 3136 ego,
415 3056 501 3121 haud
522 3057 581 3120 ulli
602 3060 749 3121 veterum
771 3058 892 3121 virtute
915 3058 1083 3133 secundus,

77 3314 197 3363 simulata
220 3310 350 3362 formidine
374 3311 562 3361 acerbissimum
586 3312 678 3361 crimen
703 3316 866 3361 commentum
891 3307 971 3377 esse}
1005 3306 1065 3360 412.
1084 3310 1152 3369 dea,
1176 3308 1208 3358 cf.
1225 3323 1267 3358 va.

76 3378 127 3434 419
143 3397 183 3445 sq.
201 3378 255 3431 428
271 3377 340 3445 sqq!
375 3376 428 3430 415
445 3394 498 3445 sqq.
521 3378 637 3443 „Utinam
660 3386 745 3429 tamen
768 3378 857 3429 solitae
878 3378 979 3428 virtutis
999 3378 1132 3443 quidquam
1150 3376 1269 3427 adesset!

77 3465 140 3514 quac
158 3450 200 3498 cui
219 3449 300 3511 adest,
316 3449 338 3497 is
357 3463 411 3497 eum
423 3447 518 3499 iudicat
532 3446 709 3510 felicissimum,
727 3448 770 3512 qui
783 3453 840 3497 ante
853 3452 994 3511 conceptum
1007 3446 1112 3496 dedecus
1125 3445 1266 3497 occubuit.“

76 3518 124 3569 Sed
135 3520 186 3569 hoe
198 3518 236 3567 ita
247 3517 307 3566 dicit
318 3515 426 3579 Turnus,
443 3522 472 3566 ut
489 3532 505 3566 a
522 3515 634 3579 peuerell
651 3516 774 3565 sententia
791 3516 872 3565 oratio
890 3514 923 3564 ad
941 3529 1015 3563 unum
1032 3514 1114 3590 ipsum
1129 3510 1267 3581 deflectat}

74 3583 133 3637 416.
152 3586 228 3649 ma'lai,
247 3584 336 3635 iudicio
357 3600 421 3645 meo,
438 3582 469 3632 er.
488 3581 518 3634 G.
538 3581 563 3645 1,
574 3580 633 3634 491.
648 3612 684 3620 -
694 3584 765 3649 sort.
785 3583 913 3645 laborum,
931 3578 983 3630 τοῦ
1000 3580 1169 3631 πολυπονου
1185 3581 1267 3644 fitam

75 3662 116 3717 „et
133 3662 185 3717 eat,
202 3654 241 3704 ait
251 3652 363 3714 Servius,
381 3649 503 3701 Graecum
524 3643 721 3716 europalates
738 3642 837 3703 πόνων
843 3650 870 3709 ;“
888 3650 1002 3700 similiter
1044 3648 1184 3717 ακαρίζειν
1201 3640 1266 3700 τινά

75 3718 176 3791 rauca}
212 3717 272 3771 417.
296 3719 395 3785 ΕΜ).
418 3736 478 3779 aa„
501 3720 544 3784 qui
567 3725 607 3768 cst
633 3720 727 3783 egregii
750 3720 839 3780 animi,
862 3733 887 3767 v.
907 3716 937 3767 G.
955 3715 981 3778 4,
999 3665 1084 3781 41111
1109 3713 1169 3767 418.
1188 3718 1270 3768 semel

75 3793 166 3845 dieitur
184 3790 217 3840 de
233 3805 273 3851 eo,
290 3789 363 3854 quod,
382 3803 438 3837 cum
455 3789 532 3838 semel
549 3786 642 3838 laetum
660 3794 707 3850 est,
726 3788 819 3838 mutari
837 3787 886 3836 iam
903 3786 999 3863 nequit}
1017 3785 1132 3850 Propert.
1150 3781 1177 3849 4,
1195 3782 1268 3849 11,3

82 3860 153 3921 ,Cum
173 3857 282 3907 semel
296 3855 407 3907 infernas
424 3855 550 3905 intrarunt
567 3855 656 3905 lunera
673 3856 770 3919 leges.“
783 3882 816 3891 -—
832 3856 966 3905 Homerus:
986 3844 1056 3909 obde
1074 3850 1136 3905 ἕλεν
1156 3844 1268 3921 οὖδας]

74 3926 134 3979 420.
153 3926 251 3989 Italae,
270 3924 301 3974 cf.
319 3941 359 3975 vs.
376 3920 428 3973 428
441 3940 494 4042 sqg.
506 3950 540 3961 -
552 3939 663 3989 supera,
681 3939 707 3973 v.
725 3924 754 3973 ll.
774 3920 799 3987 6,
817 3920 856 3989 6.Ι
892 3918 950 3971 424,
970 3922 1040 3988 Bqfi,
1059 3937 1084 3971 v.
1102 3937 1149 3996 vs*
1160 3919 1219 3973 231.
1232 3950 1267 3959 -

75 4002 138 4047 ante
157 3997 251 4046 iubam
269 3992 402 4061 auditum!
437 3989 471 4042 42
491 4031 496 4042 ,
514 4006 571 4043 aar.
589 3992 606 4043 l.
624 4008 659 4041 m.
678 4008 731 4056 aa„
755 3992 828 4041 labor
847 3990 895 4041 alio
913 3996 1025 4055 tempore
1044 3990 1125 4055 alius,
1148 3992 1165 4040 i.
1184 4006 1206 4040 e.
1225 3990 1266 4054 qui

75 4072 131 4115 ante
148 4063 240 4113 irritus
259 4060 316 4123 luit,
332 4068 390 4127 post
403 4076 523 4126 prospere
534 4058 668 4128 procedit!
702 4057 753 4109 426
766 4074 802 4124 sq.
821 4058 942 4121 Fortunat,
958 4058 1028 4109 vices
1040 4075 1126 4110 rerum
1137 4060 1267 4109 alternans

75 4147 105 4182 ac
120 4133 197 4183 modo
215 4132 294 4196 peior,
311 4130 383 4181 moer
402 4130 488 4178 melior
505 4130 615 4191 veniens,
632 4128 735 4178 eundem
754 4144 817 4178 nuuc
834 4128 933 4193 decipit,
952 4144 1016 4177 nunc
1033 4128 1127 4187 iuvat!
1161 4122 1220 4177 428.
1238 4139 1263 4173 v.

74 4216 112 4249 vs.
131 4197 211 4267 246.Ι
246 4192 612 4262 430.Aliinertardas.1
647 4194 706 4247 433.
724 4213 749 4247 v.
769 4195 793 4257 7,
811 4190 885 4263 8044
920 4192 981 4247 437,
1000 4200 1078 4247 tuceta
1111 4210 1140 4245 ro
1157 4208 1211 4258 spe,
1235 4198 1264 4239 ut

75 4270 144 4320 dicar
170 4268 242 4320 solus
265 4267 419 4317 commodum
442 4264 576 4330 publicum.
591 4265 666 4326 (bona
689 4264 836 4327 eommunia)
860 4265 939 4315 tuitus
962 4260 1040 4331 esse!
1127 4298 1133 4310 .
1156 4259 1262 4319 areimis,

76 4338 158 4390 bderti
182 4337 294 4401 sortique
316 4335 405 4385 animo.
430 4360 464 4369 -
485 4338 618 4398 praestet,
643 4333 774 4396 exhibeat,
798 4348 844 4399 par
862 4334 890 4399 λ(εἰ
914 4331 968 4389 aial
1003 4327 1063 4383 439.
1080 4330 1161 4395 paria
1186 4326 1265 4377 aruis
