2942 4975
494 260 711 327 inermos
734 264 814 329 ms.
836 264 889 331 vn
1218 268 1283 335 am
1337 220 1340 230 ’

182 444 215 508 It
236 464 359 524 comes,
381 450 416 511 et
437 445 561 511 invenis
582 448 758 528 quondam,
780 469 865 515 nunc
886 450 1019 533 femina,
1042 452 1195 535 Caeneus,

181 529 305 596 Rursus
327 532 417 595 etin
438 535 582 596 veterem
603 531 671 597 fato
693 535 841 600 revoluta
861 535 1005 618 figuram.

95 610 163 677 450
183 614 276 680 luter
296 634 376 698 quas
398 616 574 681 Phoenissa
594 636 708 683 recens
730 639 750 684 a
771 621 902 686 volnere
924 622 1007 687 Dido

182 700 324 765 Errabat
345 701 424 766 silva
446 701 480 765 in
502 720 632 783 magna3
654 719 751 785 quam
772 706 887 771 Troius
908 707 1002 772 beros

183 786 230 850 Ut
251 785 389 868 primum
411 787 502 851 iuxta
522 788 615 851 stetit
636 788 854 872 adgnovitque
877 809 935 872 per
957 793 1103 859 umbram

185 870 377 951 Obscuram
397 872 528 953 qualem
548 872 652 954 primo
674 874 730 955 qui
751 894 884 957 surgere
906 894 1016 942 mense

184 956 253 1020 Aut
271 956 361 1022 videt
382 961 440 1021 aut
460 956 579 1022 vidisse
600 963 694 1039 putat
715 978 774 1041 per
795 960 905 1025 nubila
926 962 1042 1041 lunam,

95 1037 162 1104 455
182 1041 322 1106 Demisit
343 1041 491 1107 lacrimas
513 1042 662 1124 dulcique
685 1043 812 1110 adfatus
834 1064 946 1111 amore
968 1051 1036 1113 est:

82 1146 92 1165 =
183 1124 300 1191 Infelix
322 1126 420 1205 Dido,
441 1145 537 1192 verus
558 1128 636 1192 mibi
657 1118 789 1195 nuntius
812 1148 888 1211 ergo

184 1211 328 1277 Venerat
351 1212 543 1277 exstinctam
564 1212 715 1294 ferroque
739 1220 883 1281 extrema
904 1217 1068 1282 secutam?

184 1296 321 1361 Funeris
342 1297 407 1361 beu
428 1297 487 1361 tibi
509 1316 623 1363 caussa
643 1297 711 1363 fui?
746 1300 809 1364 Per
831 1301 937 1366 sidere
957 1301 1037 1381 iuro,

184 1382 249 1446 Per
270 1400 404 1464 superos
427 1387 461 1447 et
481 1383 509 1447 si
531 1401 596 1464 qua
616 1382 696 1449 fides
718 1384 837 1451 tellure
858 1386 918 1451 sub
939 1386 1004 1451 ima
1027 1390 1086 1465 est,

96 1466 322 1546 4601uvitus,
344 1467 470 1549 regina,
491 1472 548 1533 tuo
570 1468 729 1535 delitare
752 1470 841 1535 cessi.

185 1550 251 1616 Sed
270 1571 324 1640 me
344 1552 433 1617 iussa
453 1553 562 1633 deum,
584 1572 667 1635 quae
687 1574 773 1619 nunc
794 1554 852 1621 bas
873 1555 921 1620 ire
943 1574 1001 1637 per
1023 1557 1161 1636 umbras,

185 1637 249 1701 Per
269 1637 342 1702 loca
362 1642 456 1703 senta
476 1638 542 1703 situ
563 1643 682 1720 cogunt
703 1645 896 1722 noctemque
918 1640 1118 1724 profundam,

184 1722 322 1805 Inperiis
344 1741 439 1804 cgere
461 1724 542 1802 suis,
563 1742 624 1788 nec
646 1725 778 1789 credere
799 1726 886 1813 quivi

185 1807 280 1872 Hunc
302 1812 427 1873 tantum
448 1808 508 1873 tibi
528 1827 581 1873 me
603 1809 746 1875 discessu
768 1810 854 1875 ferre
877 1810 1030 1876 dolorem.

96 1890 164 1957 465
186 1891 271 1957 Siste
292 1893 441 1975 gradum,
464 1897 561 1975 teque
581 1900 715 1977 aspectu
736 1913 777 1967 ue
800 1896 953 1961 subtrahe
976 1900 1096 1961 nostro.

185 1977 286 2055 Quem
308 1976 413 2060 fugis?
447 1983 626 2044 extremum
647 1977 729 2059 fato,
753 1981 839 2061 quod
861 1985 894 2045 te
917 1980 1086 2063 adloquor,
1108 1981 1169 2048 boc
1191 1986 1251 2047 est

187 2062 318 2128 Talibus
339 2065 466 2129 Aeneas
489 2065 657 2129 ardentem
680 2071 716 2129 et
736 2071 830 2130 torve
850 2070 996 2131 tuentem

150 2178 156 2183 ·
184 2148 323 2212 Leuibat
346 2149 439 2213 dictis
461 2149 603 2215 animum
624 2150 838 2231 lacrimasque
861 2150 973 2216 ciebat.

184 2232 248 2297 Illa
268 2233 337 2298 solo
358 2231 438 2299 liras
460 2234 570 2299 oculos
592 2253 706 2300 aversa
726 2236 869 2315 tenebat,

97 2317 165 2381 470
185 2317 255 2383 Nec
276 2319 376 2401 magis
397 2319 526 2402 incepto
548 2320 672 2385 voltum
693 2338 843 2387 sermone
865 2324 1021 2399 movetur,

185 2403 289 2479 Quam
310 2404 339 2468 si
360 2404 441 2469 dura
462 2405 542 2469 siler
564 2409 620 2470 aut
641 2410 709 2470 stet
729 2405 891 2490 Marpesia
914 2408 1033 2470 cautes.

186 2489 330 2555 Tandem
353 2491 508 2573 corripuit
528 2509 601 2556 sese
623 2496 721 2573 atque
742 2491 871 2557 inimica
892 2489 1013 2574 refugit

184 2575 224 2639 In
243 2593 359 2640 nemus
380 2576 603 2656 umbriferum,
626 2577 765 2642 coniunx
786 2577 841 2641 ubi
862 2576 1017 2660 pristinus
1037 2574 1088 2642 illi

183 2661 372 2742 Respondet
393 2663 477 2726 euris
499 2666 680 2743 aequatque
702 2662 865 2744 Sychaeus
888 2680 1037 2728 amorem

95 2743 164 2810 475
185 2743 254 2810 Nec
275 2746 380 2810 minus
401 2748 543 2826 Aeneas,
566 2766 642 2814 casu
664 2766 838 2814 concussus
859 2747 979 2830 iniquo,

185 2830 397 2912 Prosequitur
418 2832 588 2897 lacrimans
610 2833 706 2915 longe
729 2838 764 2898 et
785 2833 957 2899 miseratur
980 2836 1119 2897 euntem.

96 3027 133 3038 -
144 2999 340 3065 Laodamia,
358 3002 431 3052 ovid.
450 3001 550 3055 lleroid.
563 2999 606 3065 13,
624 3019 688 3068 quac
704 3019 761 3054 cunr
774 3019 790 3054 a
801 3005 848 3054 diis
866 3005 1034 3071 impetrasset,
1051 3009 1080 3054 ut
1091 3003 1181 3054 umbra
1193 3002 1285 3053 mortui

94 3069 211 3187 ῧπίιιῗίἳι
226 3069 277 3187 {geli
293 3069 625 3190 1623361ρίῗὸῗῶῗίηῄ
629 3073 738 3190 eacuisa
756 3069 917 3192 ειηῗὲἷνίῑ]
952 3069 1012 3122 448.
1031 3070 1052 3121 C
1057 3085 1205 3190 αἵηονὲὶ
1209 3070 1284 3190 (1νᾶ

97 3144 159 3268 eet?
166 3175 214 3255 nec,
227 3207 342 3256 becrebie
357 3144 592 3274 istnyperbetesv.
609 3156 757 3272 Emegeffu.
790 3205 814 3260 3.
833 3155 1156 3272 9656346766666616661,
1169 3139 1285 3271 quisbue

96 3274 179 3340 primo
202 3289 286 3325 menae
306 3275 380 3336 (ie.
402 3277 559 3342 νουμηνίας
580 3280 704 3342 tempore)
725 3292 770 3343 per
791 3277 877 3327 nubila
899 3291 1004 3341 surgere
1030 3275 1130 3340 videt,
1156 3289 1181 3324 v.
1205 3271 1236 3323 G.
1260 3274 1286 3337 1,

98 3339 174 3406 1041
209 3337 269 3394 456.
290 3346 407 3407 nuntias,
424 3342 455 3392 cf.
473 3343 499 3408 5,
517 3341 607 3412 3-7.Ι
641 3343 701 3396 459.
720 3349 747 3395 ar?
763 3361 784 3410 q.
799 3346 823 3408 fi
846 3349 864 3394 t.
882 3361 904 3394 r.
928 3347 945 3394 i.
969 3359 1003 3406 e,
1030 3345 1051 3394 si
1074 3343 1132 3407 quid
1157 3349 1211 3403 est,
1239 3357 1284 3407 per

96 3410 165 3475 quod
189 3410 301 3461 iurantes
325 3410 397 3462 inferi
419 3412 491 3461 fidem
514 3413 598 3463 verbis
620 3415 673 3464 suis
699 3414 817 3475 ruerant,
843 3407 1009 3476 6621421
1042 3409 1102 3462 462.
1126 3414 1203 3460 senta
1221 3414 1283 3474 situ,

93 3480 187 3528 titus
210 3479 234 3527 b.
255 3479 273 3529 l.
295 3486 335 3529 est
357 3479 476 3542 incultae,
498 3489 682 3547 proptereaque
705 3482 853 3532 sentibus
875 3495 904 3530 ec
928 3480 1008 3530 dumis
1032 3480 1167 3541 obductae,
1185 3479 1285 3528 telluris

93 3545 244 3611 squaleret
262 3549 364 3611 borram
389 3548 511 3600 llomerus
535 3543 709 3600 diritthea
730 3541 825 3616 δόμον
849 3543 1026 3618 εὐρώεντα
1048 3547 1139 3615 Odysa.
1164 3543 1206 3608 10,
1223 3543 1283 3598 512.

96 3613 154 3665 Liv.
166 3612 256 3677 22,16
273 3623 381 3681 „stagna
392 3619 540 3682 perhorrida
553 3614 655 3680 altut‘l
683 3614 743 3668 465.
758 3619 890 3684 adspectu,
902 3632 927 3667 v.
939 3617 968 3667 ll.
981 3614 1006 3678 5,
1018 3611 1077 3683 291
1105 3611 1165 3665 466.
1185 3615 1285 3677 Quem?

98 3683 195 3734 seilicet
217 3700 265 3733 non
287 3685 398 3748 bostem,
422 3687 466 3735 sed
484 3693 608 3736 ementem
629 3687 675 3737 tui.
692 3714 727 3724 -
744 3691 815 3736 ectr.
840 3701 863 3751 q.
882 3691 898 3734 t.
918 3701 958 3748 a,
979 3686 1004 3734 b.
1028 3701 1058 3745 e.,
1081 3699 1106 3734 r.
1129 3681 1155 3746 2,
1172 3679 1232 3734 690.
1251 3709 1285 3722 -·

97 3751 169 3817 sato,
187 3750 292 3803 Seruius
309 3754 386 3819 „quie
403 3759 460 3819 post
478 3761 582 3805 mortem
599 3755 695 3804 tenebit
715 3755 791 3805 elium
810 3753 944 3816 circulum,
969 3753 1031 3802 viris
1056 3752 1163 3803 lactibus
1181 3752 1284 3815 scilicet,
1311 3796 1315 3802 .

95 3835 146 3869 non
163 3821 305 3871 ementibus
325 3823 452 3878 datum.“l
485 3820 545 3873 467.
564 3829 639 3874 torua
658 3828 685 3883 t,
703 3839 727 3872 v.
748 3821 778 3872 G.
796 3819 821 3884 3,
835 3817 908 3890 1491
942 3817 1002 3871 468.
1021 3823 1150 3872 animus
1167 3821 1284 3870 ardena

97 3889 123 3938 la.
141 3888 158 3937 Ι.
177 3888 301 3951 significet
322 3891 488 3955 iracundiam,
516 3906 581 3958 quae
602 3907 658 3942 cum
680 3907 726 3958 per
749 3897 849 3940 torvum
874 3889 1019 3955 adspectum
1047 3889 1173 3940 declarari
1195 3889 1285 3952 soleat,

94 3971 178 4007 ausus
202 3963 243 4006 eet
264 3964 339 4023 poete
362 3960 445 4009 dicere
469 3964 587 4011 alcimum
610 3965 686 4010 torva
710 3965 833 4010 tuentem.
851 3967 887 3994 -'
904 3957 1014 4008 tenuat
1087 3960 1184 4021 ciebat,
1208 3971 1284 4007 cone-

97 4025 177 4076 betur
193 4025 272 4076 lenire
345 4027 464 4078 lacrimas
487 4029 575 4080 Didoni
601 4027 643 4094 (cf.
665 4026 731 4095 476)
756 4028 832 4089 cicre3
856 4025 942 4077 Verba
965 4027 1034 4077 linita
1058 4026 1285 4077 interdum'solum

93 4100 229 4157 coneum,
253 4096 378 4159 studium,
400 4096 554 4149 voluntatem
578 4097 701 4162 indicent,
724 4103 754 4148 ut
773 4094 819 4158 10,
836 4091 895 4146 801.
921 4092 963 4158 12,
981 4092 1040 4146 152.
1058 4091 1133 4164 3941
1166 4090 1226 4144 470.
1245 4096 1286 4142 ἐν·

95 4167 182 4227 capto:
199 4175 258 4212 nam
275 4163 381 4229 reliqua,
399 4178 463 4229 quac
480 4167 573 4217 addere
584 4166 703 4217 voluerat
713 4169 821 4227 Aeneas,
839 4164 901 4214 Dida
914 4164 1032 4215 auditura
1051 4179 1099 4213 non
1118 4156 1194 4240 crat.)
1223 4158 1282 4211 471.

97 4231 308 4297 scarpum.
333 4232 511 4299 Marpeens
534 4249 605 4285 mons
629 4233 689 4284 Peri
711 4234 817 4285 insulae.
835 4259 869 4270 -
886 4236 940 4282 atet
957 4247 1035 4297 quare
1054 4243 1282 4296 ποιητικωτερον,

94 4311 173 4363 quer
189 4298 257 4364 aitll
291 4295 344 4352 473
362 4315 400 4366 eq.
417 4301 458 4352 alb·
472 4301 548 4369 deep.
567 4319 603 4368 c,
626 4303 693 4354 illius
716 4303 796 4353 amori
818 4317 864 4352 ouo
886 4314 971 4350 emere
988 4299 1134 4368 respondem
1158 4297 1234 4348 Silius
1253 4296 1284 4346 de
