2942 4975
1186 368 1242 411 111

75 536 230 594 inclinatam
262 537 405 595 instaurat
432 535 559 607 Aeneas,
593 533 738 610 clausique
772 537 873 595 casula
903 536 951 609 qui
980 534 1094 598 fuerant
1123 536 1242 597 Troiani

76 623 214 694 eruptione
242 620 320 684 laam
348 626 451 694 urgent
479 621 599 679 hostem.
649 621 768 679 Interim
790 622 861 679 luno
884 621 1024 696 Turnum,
1053 623 1179 683 sollicita
1206 624 1242 682 de

75 710 129 765 eius
150 708 218 779 vito,
242 724 258 766 e
280 724 376 781 pugna
398 705 555 765 subducere
579 706 718 776 decernit3
743 704 826 780 tingit
846 706 933 780 igitur
954 708 1068 767 inanem
1087 710 1241 783 imaginem

76 795 101 851 in
126 792 336 851 similitudinem
357 791 486 861 Aeneae3
515 808 562 864 ea,
592 792 715 850 instante
744 792 854 863 Turno,
885 793 1000 850 coniicit
1026 809 1057 851 se
1084 794 1114 851 in
1140 812 1242 854 navem
1355 836 1363 847 ,

75 879 229 948 Etruscam3
259 894 316 952 quo
344 894 407 935 cum
434 881 547 935 secutus
575 881 649 935 esset
670 876 796 949 Turnus,
825 876 970 950 abrumpit
991 878 1062 936 Iuno
1084 882 1242 939 retinacula

75 962 253 1036 abactnmque
280 964 310 1021 in
337 962 427 1021 altrum
453 962 579 1021 restitnit
604 962 634 1019 in
662 963 795 1035 patriam.
844 962 989 1021 Sustentat
1016 964 1106 1022 aciem
1132 966 1243 1025 interea

75 1047 241 1107 fortitudine·
250 1066 302 1107 sna
316 1048 483 1120 Mezentius,
500 1048 579 1106 exsrul
594 1046 740 1121 Etruscus,
762 1047 800 1106 ob
815 1047 1013 1112 crudelitatem
1027 1065 1115 1123 regno
1131 1051 1242 1122 pulsus3

76 1134 118 1191 sed
139 1134 175 1192 ab
197 1133 298 1193 Aenea
319 1134 447 1207 graviter
467 1134 630 1191 vulneratus
653 1132 766 1191 excedit
786 1134 905 1205 proelio.
951 1132 1023 1191 Tum
1043 1152 1113 1193 vero
1129 1135 1243 1194 Aeneas

76 1218 157 1277 iertur
178 1220 209 1277 in
228 1218 363 1291 Lausum,
384 1217 474 1277 filium
497 1218 580 1291 illius,
603 1218 877 1290 praestantissimum
898 1218 1037 1290 iuvenem,
1058 1238 1144 1280 unum
1165 1219 1243 1293 patri

75 1305 200 1362 solatium
222 1304 368 1374 relicturn3
396 1320 452 1377 quo
479 1302 631 1385 interfecto
657 1303 733 1363 redit
753 1304 783 1361 in
804 1320 929 1377 pugnam
949 1303 1109 1363 Mezentius
1131 1306 1242 1378 etipse

76 1406 178 1463 quoque
193 1389 232 1448 ab
246 1389 344 1447 Aenea
365 1388 537 1448 confoditur.
573 1384 638 1447 Lib.
654 1389 719 1447 XL:
744 1388 905 1463 Tropaeum
928 1390 1062 1449 statuitur
1084 1389 1121 1449 ab
1137 1392 1242 1451 Aenea

75 1474 162 1533 Tunus
185 1476 300 1534 ducitur
321 1476 460 1545 Pallanti3
490 1473 629 1547 factisque
651 1474 773 1532 induciis
794 1474 907 1548 utrique
928 1491 1006 1545 suaa,
1029 1476 1076 1547 qui
1097 1477 1244 1550 inpugna

76 1561 239 1633 ceciderant,
262 1561 410 1633 sepeliunt.
449 1559 588 1617 Laurenti
609 1560 708 1633 iugens
730 1576 833 1633 pavor;
855 1560 994 1619 accedunt
1015 1577 1153 1633 responsa
1173 1562 1243 1620 Dio·

75 1646 169 1719 medis,
193 1648 325 1718 quitum
347 1662 398 1703 rex
421 1649 484 1703 erat
504 1644 662 1717 Arporum,
685 1646 715 1702 in
738 1646 903 1703 societatem
926 1661 1071 1704 armorum
1093 1636 1116 1704 a'
1133 1646 1243 1706 Latinis

74 1732 166 1803 romu,
189 1731 297 1789 bellum
313 1731 514 1789 dissuadentia.
549 1730 707 1789 Contrariis
730 1730 876 1789 sententiis
897 1731 927 1789 in
948 1731 1069 1791 concilio
1091 1748 1244 1803 procerum

75 1822 176 1875 aenam
190 1816 321 1875 Drances
344 1821 373 1874 et
388 1816 506 1874 Turnus.
535 1815 591 1875 Sed
613 1816 702 1874 allato
725 1816 824 1873 nuntio
848 1816 884 1874 de
897 1816 997 1875 Aenea
1018 1834 1082 1875 cum
1103 1818 1243 1875 instructo

75 1903 190 1961 exercitu
205 1902 379 1960 adventante
396 1902 538 1959 dirimitur
554 1902 702 1959 consilium
719 1902 800 1959 etad
820 1918 901 1959 mma
920 1902 1097 1960 discurritur.
1132 1904 1244 1960 Turnus

75 1989 188 2059 partitur
210 2004 325 2046 ornnem
344 2004 441 2045 curam
461 1986 607 2045 bellicum
623 1986 752 2059 Camilla,
774 1988 874 2060 regina
889 1987 1066 2060 Volscorum,
1088 1987 1244 2046 fortissima

75 2073 186 2145 virgine;
216 2074 281 2147 ipse
308 2072 411 2131 saltum
438 2074 628 2145 propinquum
655 2072 761 2130 insidet
781 2073 909 2130 Aeneam
930 2073 1040 2131 insidiis
1062 2079 1243 2146 excepturus

76 2155 215 2217 Camillam
245 2160 275 2216 in
306 2174 407 2231 campo
437 2155 565 2216 hostibus
596 2173 746 2215 occurrere
773 2157 861 2216 iubet.
916 2157 1063 2231 Pugnatur
1091 2160 1243 2227 acerrime;

78 2240 184 2303 Ganilla
213 2260 281 2303 cum
308 2244 399 2301 multa
428 2244 543 2316 egregia
571 2241 701 2323 facinora
729 2244 877 2314 edidisset,
906 2243 973 2301 dolo
995 2242 1129 2302 Arruntis
1155 2245 1244 2301 iuter-

79 2324 166 2387 ficilur.
204 2330 281 2387 Tum
304 2328 392 2387 eflusa
413 2326 480 2401 fuga
495 2328 592 2387 Volsci
607 2328 762 2401 Rutulique
783 2327 821 2386 ad
842 2326 941 2385 urbem
963 2323 1100 2387 feruntur.
1137 2329 1182 2387 Ea
1199 2345 1244 2387 res

78 2414 168 2472 excitat
190 2416 282 2473 etiam
306 2414 431 2471 Turnum
454 2430 489 2471 ex
511 2412 647 2484 faucibus,
671 2430 741 2485 quas
764 2412 923 2485 obsederat,
945 2418 1105 2487 monetque,
1127 2419 1158 2472 ut
1179 2412 1245 2471 urbi

76 2507 220 2560 succurrat.
259 2500 394 2573 Sequitur
412 2501 532 2558 Aeneas.
570 2497 625 2558 Sed
647 2516 705 2557 non
726 2499 872 2572 intercipit
893 2499 1040 2571 proelium.
1077 2498 1142 2557 Lib.
1162 2500 1244 2557 xli:

76 2583 174 2645 Turnus
198 2573 303 2644 statuit
325 2587 367 2644 ita
388 2585 464 2643 bello
492 2583 576 2643 finem
604 2583 711 2658 facere,
738 2590 770 2643 ut
798 2585 873 2643 solus
900 2602 964 2642 cum
992 2585 1054 2642 solo
1076 2587 1174 2643 Aenea
1196 2585 1245 2642 de-

75 2677 175 2743 pugnet.
223 2671 347 2729 Latinus
375 2687 409 2729 ea
436 2687 520 2728 causa
548 2670 679 2729 sollemni
706 2671 764 2728 ritu
789 2688 853 2728 cum
875 2671 974 2728 Aenea
1000 2668 1100 2728 foedus
1122 2671 1244 2744 peragit.

76 2755 147 2825 Quod
168 2759 239 2816 dum
261 2755 308 2830 fit,
337 2756 455 2814 Iuturna
476 2755 622 2829 Nympha,
646 2771 729 2814 soror
752 2756 853 2828 Turni,
875 2761 969 2814 sumta
989 2756 1084 2828 specie
1106 2755 1246 2814 Camertis

75 2843 215 2912 perturbat
245 2843 354 2914 omnia,
382 2841 493 2918 hastam
521 2842 551 2898 in
578 2841 712 2900 adversos
737 2841 868 2900 Arcadas
895 2841 1028 2898 iaculata
1078 2842 1139 2912 Quo
1167 2840 1244 2899 facto

76 2934 170 2986 cum'et
185 2928 320 2986 Arcades
341 2933 369 2985 et
383 2925 540 2984 Laurentes
563 2927 775 2999 procurrissent
796 2927 833 2985 ad
854 2926 1044 2999 pugnandum,
1066 2943 1134 2984 mox
1155 2927 1245 2986 omni-

75 3009 119 3068 bus
138 3013 272 3086 partibus
295 3029 394 3070 manus
422 3017 619 3085 conseruntur,
647 3012 709 3084 ipse
730 3012 844 3070 Aeneas
865 3013 1038 3069 vulneratur.
1083 3011 1155 3068 Tum
1176 3028 1244 3070 vero

75 3095 176 3157 Turnus
204 3115 342 3172 magnam
371 3097 429 3156 edit
456 3103 589 3170 stragem.
639 3097 754 3155 Interea
780 3097 892 3155 Aeneas
921 3096 1017 3154 dimna
1044 3112 1100 3168 ope
1129 3103 1244 3155 sanatus

76 3186 178 3252 quaerit
191 3185 321 3242 Turnum
336 3188 398 3242 toto
416 3200 531 3256 camp03
555 3199 637 3255 quern
659 3181 708 3240 ubi
730 3198 788 3240 non
809 3183 924 3253 invenit,
947 3187 1006 3239 turn
1029 3182 1142 3240 demum
1164 3181 1246 3240 obla·

75 3264 129 3324 tum
150 3269 201 3327 sibi
226 3285 365 3342 quemque
386 3268 510 3326 hostium
533 3268 693 3326 obtruncat.
738 3266 795 3325 Sed
823 3284 878 3341 qno
905 3285 966 3326 rem
993 3269 1075 3326 citius
1104 3266 1245 3339 conficiat,

75 3352 217 3428 adipsum
241 3353 341 3413 urbem
355 3353 530 3412 Laurentum
552 3354 630 3412 ducit
653 3353 815 3411 exercitum.
848 3353 911 3412 Iam
932 3352 1065 3410 flammae
1086 3353 1151 3410 inde
1170 3353 1246 3409 relu-

75 3444 131 3496 cent
148 3441 335 3514 trepidusque
355 3435 469 3497 nuntius
485 3439 562 3497 venit
576 3439 614 3497 ad
631 3438 765 3511 Turnum,
788 3437 949 3509 obsecrans
971 3455 1007 3497 ne
1029 3436 1129 3495 urbem
1150 3438 1245 3510 perire

75 3523 147 3582 duat.
193 3527 269 3583 Tum
297 3527 373 3586 omni
401 3525 511 3597 reliqua
539 3541 589 3598 spe
617 3523 730 3582 abiecta
753 3523 864 3581 Turnus
889 3541 920 3582 se
940 3524 1003 3596 ipse
1025 3522 1110 3581 offert
1130 3523 1246 3580 Aeneae
1318 3543 1325 3561 ι

75 3609 106 3666 ad
126 3611 339 3669 decertandum.
373 3610 487 3668 Interea
506 3610 638 3683 Iuppiter
657 3613 831 3668 maerentem
852 3610 988 3667 Iunonem
1010 3609 1052 3666 ita
1073 3608 1245 3679 consolatur,

74 3699 100 3751 nt
119 3697 197 3769 genti
219 3695 343 3754 Latinae
366 3712 429 3753 curn
452 3694 583 3753 Troianis
607 3696 777 3752 commixtae
804 3699 832 3752 et
858 3710 962 3752 nomen
984 3699 1013 3752 et
1035 3710 1195 3752 sermonem
1217 3698 1247 3751 et

74 3795 159 3840 mores
182 3798 332 3839 mansuros
354 3782 480 3854 integros
501 3781 688 3853 polliceatur,
712 3796 795 3838 sacra
810 3779 999 3837 Troianorum
1022 3778 1111 3838 sacris
1126 3778 1245 3838 Latino-
1292 3848 1296 3853 f

74 3881 129 3924 rum
150 3883 301 3925 acoemura
324 3867 409 3926 dicat.
454 3866 521 3939 ipso
545 3865 698 3924 certandae
719 3865 843 3924 vincitur
864 3864 975 3922 Turnus
998 3869 1028 3923 et
1049 3864 1198 3924 occiditur.

106 3949 108 3956 '
153 3950 177 4026 ἓ.
202 3957 229 4014 6.
274 3952 448 4025 Intelligitur
468 3952 514 4009 vel
537 3967 572 4009 ex
593 3951 636 4008 his
658 3951 700 4008 ita
722 3950 848 4009 breviter
870 3950 1004 4022 decursis,
1031 3955 1137 4024 quanta
1157 3950 1196 4007 sit
1216 3951 1246 4007 in

17 4049 18 4106 j
74 4032 126 4091 boe
144 4043 276 4110 poemate
298 4043 328 4095 et
349 4036 464 4095 ubertas
486 4053 582 4094 rerum
604 4041 633 4094 et
653 4036 786 4107 variems,
810 4052 950 4108 quamque
971 4041 1039 4108 apte
1059 4035 1130 4094 baec
1151 4036 1247 4093 omnia

74 4119 127 4177 sint
153 4121 226 4182 iuter
253 4139 284 4180 se
313 4123 470 4182 coniuncta.
521 4122 640 4180 Accedit
667 4122 798 4194 copiosa,
833 4123 923 4179 omnis
954 4121 1066 4194 generis
1094 4119 1246 4179 luminibus

75 4204 213 4280 distincta,
243 4209 274 4266 in
301 4225 410 4267 summo
439 4212 542 4265 ornatu
569 4223 707 4279 nusquam
729 4206 851 4279 tumide,
879 4207 974 4279 gravis
996 4211 1025 4264 et
1047 4206 1085 4264 ad
1107 4222 1246 4279 quamque

17 4299 18 4304 ’
74 4307 127 4349 rem
142 4293 358 4352 accommodata
374 4293 481 4362 oratio;
505 4292 626 4366 denique
648 4296 730 4350 tanta
751 4293 782 4350 in
803 4292 873 4364 ipsis
895 4290 1024 4350 versibus
1044 4289 1246 4363 componendis

17 4373 18 4424 l
75 4391 130 4450 ars,
156 4383 187 4437 ut
214 4379 287 4437 nihil
315 4385 364 4438 aut
390 4379 503 4436 mollins
531 4379 698 4450 suaviusque
720 4383 770 4436 aut
791 4376 894 4435 fortius
916 4377 1163 4448 vehementiusque
1185 4391 1247 4432 esse

839 4464 843 4485 l
