2942 4975
197 293 261 359 366
410 345 414 355 .
568 295 601 358 Ρ.
625 293 790 359 VIRGILI
812 292 1002 359 MARONIS

287 478 468 562 Oppetiisse
490 479 566 559 tuis3
590 478 724 561 primam
747 476 829 544 han'c
849 479 909 545 tibi
930 497 1066 561 magnus
1087 481 1203 563 Apollo

200 564 263 629 666
287 563 443 629 Concedit
464 564 605 643 laudem,
628 569 662 629 et
682 564 812 646 paribus
833 584 897 629 non
919 564 1042 630 invidet
1064 566 1174 645 armis3

286 648 401 715 Cetera
422 668 530 731 parce,
553 668 646 731 puer,
668 649 763 713 bello.
807 648 860 714 Sic
882 667 973 732 orsus
995 648 1110 731 Apollo

284 734 430 799 Mortalis
452 734 556 799 medio
580 738 728 815 aspectus
751 752 898 799 sermone
920 734 1059 815 reliquit,

284 819 327 884 Et
348 819 460 901 procul
481 819 514 883 in
537 823 668 883 tenuem
692 836 730 883 ex
753 818 852 883 oculis
876 819 1007 883 evanuit
1028 838 1146 884 auram.

283 904 474 986 Adgnovere
498 905 591 969 deum
614 922 766 985 proceres
790 904 958 985 divinaque
981 904 1048 969 tela

199 986 262 1052 660
283 988 499 1067 Dardanidae,
521 989 770 1071 pharetramque
791 986 867 1070 iuga
890 1007 1019 1054 sensere
1042 992 1219 1053 sonantem.

283 1074 370 1156 Ergo
394 1073 521 1138 avidum
543 1091 668 1155 pugnae
692 1073 785 1137 dictis
807 1092 844 1137 ac
866 1074 997 1139 numine
1017 1074 1139 1158 Phoebi

284 1158 456 1224 Ascanium
477 1157 662 1241 prohibent;
684 1157 746 1239 ipsi
767 1158 800 1221 in
823 1158 999 1223 certamina
1019 1175 1130 1223 rursus

285 1242 479 1321 Succedunt,
502 1243 685 1325 animasque
707 1243 740 1307 in
763 1248 875 1324 aperta
896 1244 1040 1325 pericula
1061 1243 1203 1309 mittunt

283 1328 315 1393 It
337 1329 456 1393 elamor
478 1328 555 1392 totis
577 1346 636 1409 per
658 1328 898 1410 propugnacula
920 1328 1031 1408 muris3

198 1411 262 1476 666
283 1413 460 1478 Intendunt
481 1412 563 1478 acris
586 1432 690 1491 arcus,
714 1419 905 1495 amentaque
928 1418 1089 1495 torquent

284 1497 448 1563 Sternitur
469 1516 562 1563 omne
584 1498 687 1563 solum
710 1498 798 1577 telis3
821 1502 891 1561 tum
912 1504 1004 1563 scuta
1025 1516 1185 1580 cavaeque

283 1582 370 1648 Dant
391 1582 531 1649 sonitum
552 1582 641 1647 flictu
664 1583 788 1665 galeae;
810 1602 918 1665 pugna
939 1602 1053 1665 aspera
1074 1584 1192 1665 surgit:

285 1668 429 1745 Quantus
452 1668 491 1732 ab
514 1686 629 1733 occasu
650 1668 782 1733 veniens
804 1668 996 1749 pluvialibus
1018 1668 1140 1733 Haedis

284 1753 441 1819 Verberat
462 1754 564 1817 imber
586 1753 730 1831 humum;
753 1771 849 1834 quam
870 1754 973 1818 multa
994 1753 1149 1835 grandine
1171 1752 1270 1818 nimbi

199 1835 321 1902 67016
344 1838 426 1903 vada
446 1838 672 1919 praecipitant,
696 1855 768 1902 cum
790 1838 935 1919 Iuppiter
956 1839 1105 1903 horridus
1128 1839 1245 1903 austris

285 1921 429 2003 Torquet
450 1940 601 2003 aquosam
622 1922 760 1987 hiemem
783 1927 817 1988 et
839 1924 928 1988 caelo
951 1943 1029 1988 cava
1050 1924 1160 1988 nubila
1181 1924 1309 2006 rumpit

366 2006 531 2071 Pandarus
554 2013 587 2072 et
608 2007 723 2087 Bitias,
746 2009 842 2073 Idaeo
865 2008 1024 2074 Alcanore
1047 2009 1136 2088 creti,

284 2091 370 2169 Quos
392 2092 476 2157 Iovis
499 2093 607 2157 eduxit
629 2094 701 2159 luco
725 2093 880 2157 silvestris
902 2093 1003 2172 Iaera,

284 2177 452 2243 Abietibus
473 2177 605 2243 iuvenes
627 2178 739 2259 patriis
762 2183 796 2243 et
816 2179 978 2245 montibus
1001 2196 1129 2259 aequae,

199 2261 262 2326 676
283 2263 427 2341 Portam,
449 2281 530 2344 quae
553 2262 641 2327 ducis
663 2263 786 2344 inperio
810 2263 991 2343 commissa,
1013 2263 1193 2342 recludunt,

283 2348 373 2413 Freti
395 2348 505 2425 armiS,
527 2349 676 2429 ultroque
697 2348 836 2414 invitant
858 2348 1024 2414 moenibus
1045 2348 1180 2413 hostem.

283 2433 349 2516 Ipsi
371 2433 457 2498 intus
480 2432 593 2498 dextra
615 2452 652 2498 ac
674 2434 767 2498 laeva
788 2451 846 2515 pro
869 2434 1011 2499 turribus
1032 2434 1171 2513 adstant,

283 2519 408 2584 Armati
429 2517 514 2584 ferro
538 2523 571 2583 et
594 2519 699 2584 cristis
722 2519 829 2600 capita
850 2519 917 2584 alta
939 2519 1074 2584 corusci:

285 2603 402 2680 Quales
425 2604 530 2668 aeriae
551 2604 709 2685 liquentia
729 2602 860 2668 flumina
882 2604 1011 2682 circum,

198 2686 262 2752 680
284 2687 356 2752 Sive
378 2688 457 2752 Padi
478 2688 568 2769 ripis,
593 2689 741 2754 Athesim
762 2707 820 2753 seu
840 2694 973 2771 propter
996 2707 1173 2768 amoenum,

284 2773 489 2854 Consurgunt
512 2773 655 2855 geminae
679 2792 815 2856 quercus
836 2775 1029 2856 intonsaque
1051 2774 1139 2838 caelo

282 2858 447 2923 Attollunt
469 2858 574 2939 capita
597 2863 630 2922 et
652 2859 780 2924 sublimi
801 2859 923 2925 vertice
939 2864 1071 2941 nutant,

284 2943 488 3024 Inrumpunt,
511 2943 615 3008 aditus
637 2944 749 3008 Rutuli
770 2948 807 3008 ut
828 2944 938 3009 videre
960 2944 1108 3025 patentis.

199 3085 257 3141 666.
273 3103 334 3155 pac.
352 3105 376 3136 n.
395 3090 412 3136 7.
432 3101 471 3150 6.,
494 3104 540 3138 666
559 3088 652 3138 invidet
670 3088 727 3151 tibi,
752 3089 816 3154 quod
841 3103 902 3138 arcu
925 3096 975 3139 tam
994 3089 1055 3140 bene
1071 3103 1131 3138 usus
1149 3104 1193 3152 66,
1217 3104 1292 3153 quam
1317 3090 1381 3141 66767

197 3157 274 3223 ipse!
310 3154 368 3208 657.
387 3156 453 3206 arcad.
467 3172 545 3206 serm.
564 3157 581 3205 i.
595 3172 617 3220 q.
636 3156 708 3206 simul
721 3158 767 3208 hoc
784 3157 873 3219 dicens,
891 3172 935 3207 nee
947 3158 1063 3207 667767666
1081 3157 1153 3223 plura
1172 3163 1217 3206 aut
1234 3172 1379 3224 responsum

197 3230 356 3292 exspectans,
381 3223 412 3274 67.
436 3221 464 3286 3,
488 3220 546 3274 277.
571 3221 630 3275 368.
653 3220 726 3289 6631
761 3222 821 3277 660.
842 3225 917 3291 plear.
943 3241 1010 3288 666,
1035 3226 1105 3274 llam.
1122 3224 1151 3274 ll.
1175 3222 1199 3288 1,
1225 3221 1284 3292 461
1319 3225 1379 3279 662.

196 3297 313 3354 austrina,
331 3292 414 3342 divina
432 3289 620 3360 666767767611
655 3289 800 3344 664-777.
818 3293 887 3343 Dum
905 3295 938 3344 ab
953 3297 1024 3343 66767
1031 3299 1108 3360 parta
1120 3295 1221 3344 6667766
1230 3300 1382 3360 pugnatur,

196 3363 338 3414 Pandarus
356 3365 381 3410 67
403 3360 489 3411 Bitias·
507 3361 621 3424 fratrer
638 3360 712 3424 frati
733 3377 784 3411 aaa
809 3364 908 3411 uirtute
929 3366 1031 3428 portam
1057 3367 1209 3412 castrorum
1232 3363 1379 3413 recludunt.

198 3430 273 3480 06677
291 3430 379 3479 Bitiae
397 3444 414 3478 a
437 3430 525 3480 Turno
544 3430 697 3494 confossam
722 3431 864 3480 Pandarus
883 3431 946 3480 dum
964 3429 1065 3480 6766677
1084 3435 1204 3495 portam,
1227 3431 1381 3496 imprudens

199 3497 315 3550 Turnum
340 3497 452 3548 includit
475 3501 500 3547 iu
525 3503 617 3548 castro
641 3511 700 3546 oum
722 3513 822 3563 anagrm
843 3495 1019 3548 Troianorum
1035 3494 1154 3563 6667661
1189 3494 1249 3548 664.
1269 3503 1315 3550 767.

194 3580 267 3633 prop
286 3581 334 3626 ua,
352 3567 368 3615 7.
389 3582 410 3615 e.
429 3579 473 3631 per
491 3581 588 3628 muros,
611 3567 674 3616 muri
698 3566 761 3615 enim
778 3566 825 3630 ipsi
842 3571 899 3614 sunt
915 3566 1100 3631 propugnacula
1117 3562 1283 3630 castrorum!
1320 3514 1381 3618 (ἐξ

198 3638 303 3683 amenta
323 3639 348 3694 7.,
367 3634 478 3698 proprie:
497 3635 584 3684 hostes
602 3639 758 3698 paramenta
776 3634 810 3698 7.1
845 3629 903 3686 668.
919 3633 986 3698 6766.
1000 3634 1089 3696 77666,
1100 3633 1234 3684 Ablativus
1246 3637 1382 3700 temporis:

197 3715 251 3749 curn
270 3701 361 3761 776667,
381 3702 445 3752 6666
462 3702 551 3752 6767766
567 3702 590 3751 76
609 3702 678 3764 signo
696 3702 818 3764 Aurigae,
836 3702 860 3750 76
878 3702 947 3752 caelo
965 3703 1158 3767 conspiciuntur;
1181 3703 1270 3752 horum
1288 3709 1316 3754 67
1333 3705 1382 3754 suh

197 3774 278 3818 ortum
295 3775 321 3817 67
337 3784 450 3818 occasum
469 3785 560 3832 graves
580 3769 684 3819 excitari
707 3769 788 3820 solent
810 3767 994 3835 tempestates!
1029 3766 1087 3822 671.
1110 3767 1137 3819 Τ.
1158 3787 1199 3834 66.
1217 3772 1251 3832 6.,
1270 3772 1381 3822 66667767

196 3835 308 3884 turbines
326 3851 378 3884 cum
397 3836 503 3902 6766761
538 3834 588 3887 672
606 3853 659 3902 sqq.
678 3835 708 3887 67.
727 3838 797 3888 llom
815 3837 844 3888 ll.
864 3835 904 3901 72,
923 3834 972 3888 127
991 3840 1060 3904 sqq}
1095 3834 1154 3889 673.
1172 3839 1238 3890 lova
1256 3838 1326 3901 7666,
1344 3855 1383 3890 ac.

197 3903 239 4021 gui
258 3911 313 3952 arnt
330 3904 353 3952 io
372 3903 424 3952 ldn.
442 3931 476 3941 -
495 3906 559 3967 676.,
578 3921 637 3970 ergo
656 3921 788 3956 enumero
807 3905 954 3973 06666661
988 3902 1048 3956 674.
1073 3905 1104 3956 67.
1124 3906 1193 3956 llom.
1211 3905 1240 3956 ll.
1259 3904 1284 3969 5,
1304 3904 1381 3973 6601

214 3967 256 4020 76.
275 3985 340 4036 qaae
358 3970 388 4020 iis
406 3979 462 4021 erat
480 3971 582 4037 666661
619 3971 678 4026 676.
697 3974 775 4037 ultro,
794 3975 841 4040 ipsi
852 3973 983 4024 offerentes
995 3975 1090 4039 copiam
1101 3975 1249 4036 introeundi,
1263 3975 1381 4026 invitant.

196 4065 231 4076 -
248 4039 393 4097 moenibus,
411 4055 435 4088 v.
453 4036 479 4103 8,
497 4037 568 4106 1781
603 4037 662 4092 677.
678 4058 726 4108 pro
744 4048 826 4103 uara,
849 4043 960 4093 Donatus
984 4043 1055 4104 „vice
1074 4043 1194 4106 turrium,
1217 4049 1246 4092 67
1263 4043 1313 4094 iam
1332 4059 1381 4094 666

196 4107 305 4158 homines
329 4106 417 4155 dextra
441 4122 470 4156 66
493 4109 577 4168 laeva,
607 4110 651 4159 sed
681 4119 765 4161 turcas
789 4111 891 4160 6667666
913 4112 1087 4171 viderentur;“
1115 4117 1141 4160 67
1163 4100 1278 4178 666666
1303 4113 1380 4174 Argi-

196 4191 285 4226 vorum
310 4172 395 4225 Ulixes
418 4175 517 4226 Aiacem
546 4177 655 4242 appellat
680 4178 746 4243 apud
769 4178 838 4229 llom.
862 4178 909 4229 06.
934 4176 980 4241 11,
1003 4175 1078 4247 6661
1120 4174 1171 4229 679
1193 4194 1247 4244 sqq.
1278 4179 1379 4230 collata

197 4246 243 4294 hac
269 4243 451 4309 comparatione
477 4259 531 4293 cum
555 4245 683 4310 superiore
708 4245 760 4310 (vs.
784 4243 849 4313 674)
873 4262 965 4312 operae
988 4249 1094 4312 pretium
1117 4246 1218 4310 leceris,
1247 4248 1270 4298 si
1294 4249 1379 4298 diver·

197 4313 280 4364 sitatis
298 4318 370 4362 notos
388 4311 452 4364 iuter
468 4319 599 4378 utramque
616 4313 789 4364 intercedentis
806 4309 965 4380 1666666761
998 4311 1059 4365 680.
1074 4319 1166 4382 propt,
1184 4331 1209 4366 v.
1227 4315 1258 4365 E.
1275 4312 1302 4380 8,
1318 4312 1379 4383 671
