2942 4975
477 320 691 386 AENEIDOS
713 321 793 386 LIB.
815 322 852 387 V.

160 509 349 592 despiciunt
370 509 528 573 51555115
549 508 656 574 nimbo
678 509 814 574 volitare
835 506 983 574 favillam.

161 595 287 659 Primus
311 597 344 658 et
365 594 535 672 Ascanius,
558 610 668 659 cursus
690 598 727 657 ut
749 594 853 658 laetus
876 595 1034 676 equestris

160 679 321 757 Ducebat,
344 679 389 744 sic
411 695 486 743 acer
508 697 590 760 equo
613 678 745 744 turbata
764 679 880 760 petivit

160 764 287 844 Castra,
309 782 370 828 nec
393 765 554 828 exanimes
575 768 710 846 possunt
731 764 874 828 retinere
896 765 1049 845 magistri.

84 848 141 913 676
161 849 238 928 Quis
260 848 351 914 furor
372 849 435 913 iste
457 851 581 913 novus?
614 867 677 931 quo
700 868 798 928 nunc,
821 867 883 930 quo
906 850 1050 928 tenditis,
1071 849 1185 932 inquit,

160 935 234 1000 Heu
255 935 391 999 miserae
414 935 519 998 cives?
552 953 617 998 non
638 935 763 1000 hostem
784 934 974 1016 inimicaque
997 940 1102 1000 castra

159 1019 326 1102 Argivom,
348 1023 472 1084 vestras
495 1037 566 1101 spes
588 1020 689 1084 uritis.
732 1020 796 1098 En,
819 1037 880 1100 ego
901 1024 1009 1084 vester

159 1105 329 1171 Ascanius!
352 1141 395 1152 -
417 1105 540 1186 galeam
563 1110 638 1170 ante
660 1105 760 1188 pedes
781 1105 917 1186 proiecit
936 1105 1073 1186 inanem,

160 1190 231 1268 Qua
252 1190 330 1255 ludo
351 1190 482 1255 indutus
504 1190 581 1254 belli
603 1191 773 1255 simulacra
794 1189 908 1255 ciebat.

83 1273 139 1338 675
159 1275 335 1342 Adcelerat
356 1275 449 1340 simul
471 1276 611 1353 Aeneas,
634 1275 727 1340 simul
750 1276 877 1356 agmina
898 1277 1064 1340 Teucrum.

160 1362 220 1426 Ast
242 1361 318 1426 illae
341 1361 468 1426 diversa
489 1366 577 1425 metu
599 1379 657 1442 per
678 1361 776 1425 litora
795 1360 913 1442 passim

159 1443 355 1528 Diffugiunt,
378 1446 537 1527 silvasque
561 1451 594 1510 et
615 1446 717 1510 sicubi
740 1464 879 1510 concava
900 1444 1011 1524 furtim

162 1531 246 1596 Saxa
267 1535 396 1613 petunt3
418 1532 508 1612 piget
529 1531 648 1614 incepti
670 1530 827 1612 lucisque,
850 1549 989 1613 suosque

160 1617 309 1681 Mutatae
331 1616 546 1698 adgnoscunt,
572 1633 767 1697 excussaque
788 1620 921 1698 pectore
942 1617 1022 1681 Iuno
1045 1620 1103 1680 est

83 1699 141 1765 680
162 1701 226 1766 Sed
248 1721 315 1765 uon
336 1702 455 1766 idcireo
477 1699 623 1767 flammae
645 1706 744 1783 atque
765 1701 913 1766 incendia
933 1701 1009 1765 viris

159 1786 339 1851 Indomitos
360 1803 510 1868 posuere;
534 1787 597 1851 udo
620 1787 678 1852 sub
700 1788 816 1852 robore
837 1787 917 1852 vivit

161 1871 288 1954 Stuppa
308 1889 440 1937 vomens
463 1873 589 1936 tardum
611 1871 747 1951 furnum,
768 1873 941 1953 lentusque
964 1870 1087 1936 carinas

158 1957 218 2022 Est
239 1975 351 2038 vapor,
375 1962 409 2022 51
430 1961 501 2022 1515
524 1957 690 2022 descendit
713 1975 847 2039 corpore
867 1957 977 2040 pestis,

159 2043 228 2107 Nec
250 2044 337 2108 vires
358 2041 492 2108 heroum
513 2041 682 2123 infusaque
703 2042 834 2107 flumina
854 2047 997 2124 prosunt

80 2126 138 2192 685
160 2127 243 2193 Tum
264 2128 338 2210 pius
359 2129 487 2192 Aeneas
509 2128 649 2192 humeris
672 2128 860 2192 abscindere
882 2132 1014 2206 vestem,

158 2213 352 2294 Auxilioque
374 2231 490 2278 vocare
513 2214 589 2277 deos
612 2219 646 2277 et
667 2214 802 2278 tendere
823 2213 958 2295 palmas:

162 2299 310 2380 Iuppiter
333 2299 547 2381 omnipotens,
570 2298 596 2363 si
618 2299 760 2364 nondum
783 2315 896 2362 exosus
919 2299 960 2362 ad
981 2315 1080 2361 unum

159 2383 331 2462 Troianos,
355 2383 382 2448 si
405 2383 481 2465 quid
503 2384 605 2465 pietas
627 2383 760 2465 antiqua
780 2383 907 2448 labores

159 2469 305 2552 Respicit
326 2469 495 2548 humanos,
519 2469 559 2535 da
581 2467 739 2535 flammam
762 2468 899 2534 evadere
921 2467 1015 2533 classi

77 2552 138 2619 690
158 2554 267 2634 Nunc,
291 2555 401 2634 Pater,
428 2559 461 2620 et
483 2554 589 2619 tenuis
612 2556 771 2619 Teucrum
792 2572 845 2618 res
867 2554 956 2636 eripe
977 2554 1069 2619 Leto.

159 2642 222 2707 Vel
246 2645 295 2729 tu,
318 2641 403 2722 quod
425 2646 586 2722 superest,
607 2640 725 2705 infesto
748 2639 881 2704 fulmine
902 2640 1009 2717 Morti,

159 2726 194 2791 Si
216 2744 357 2805 mereor,
381 2726 527 2804 demitte,
549 2730 668 2807 tuaque
690 2725 742 2790 hic
764 2724 864 2790 obrue
886 2725 1008 2790 dextra

157 2812 220 2876 Vix
242 2811 323 2876 haec
346 2811 504 2891 ediderat,
528 2830 600 2877 eum
622 2811 730 2876 effusis
751 2811 906 2877 imbribus
928 2816 1004 2876 atra

159 2896 351 2979 Tempestas
374 2895 442 2962 sine
464 2915 553 2961 more
575 2895 666 2975 lurit,
689 2897 875 2978 tonitruque
897 2899 1096 2961 tremescunt

77 2981 137 3046 695
158 2982 274 3047 Ardua
295 2986 455 3046 terrarum
478 2986 512 3046 et
535 2982 650 3063 campi3
672 2982 738 3046 ruit
760 2982 891 3046 aethere
913 2987 983 3046 toto

159 3067 323 3133 Turbidus
345 3066 459 3146 imber,
482 3086 565 3148 aqua
587 3067 758 3149 densisque
780 3067 972 3149 nigerrimus
994 3065 1123 3144 austris,

156 3153 396 3235 Inplenturque
418 3170 515 3235 super
536 3170 671 3235 puppes;
695 3152 856 3217 semiusta·
870 3152 1060 3217 madescunt

158 3238 304 3317 Robora3
327 3238 500 3303 restinctus
522 3238 624 3303 donec
645 3257 746 3319 vapor
768 3238 882 3317 515515,
906 3242 939 3301 51
961 3255 1080 3316 omnes

159 3324 324 3400 Quattuor
347 3323 481 3402 amissis,
504 3328 650 3388 servatae
673 3342 692 3387 a
712 3328 805 3409 peste
828 3323 963 3387 carinae.

73 3465 130 3520 669.
151 3473 247 3521 eastra
271 3470 384 3531 5551155,
407 3469 521 3519 cltssern.
544 3496 578 3504 -
599 3482 685 3533 mag,
709 3484 734 3517 v.
759 3483 797 3517 vs.
822 3463 897 3534 5621
931 3465 991 3518 671.
1017 3470 1143 3526 miserae,
1166 3479 1192 3514 v.
1216 3460 1258 3526 11,

75 3533 144 3604 1751
183 3534 245 3587 673.
261 3536 317 3602 gal.
335 3540 452 3601 inanem,
479 3537 633 3600 „vecoam,“
657 3537 775 3598 Servius,
797 3543 883 3602 utpote
904 3543 1005 3587 exutam
1028 3536 1114 3602 capiti,
1136 3532 1260 3583 51155175

73 3606 175 3670 agnosci
194 3611 282 3671 posset
299 3602 443 3668 Asconius!
480 3601 539 3655 674.
556 3620 582 3654 v.
600 3620 638 3654 vs.
656 3600 731 3685 5851
764 3601 823 3655 677.
843 3606 916 3668 iunge
927 3605 1031 3669 furtim
1050 3598 1164 3671 5515511
1199 3597 1259 3650 678.

75 3674 104 3725 cl.
122 3674 148 3736 4,
165 3668 246 3743 4611
281 3670 340 3723 679.
359 3674 438 3737 Iuno,
463 3673 533 3723 furor
556 3673 587 3722 ab
611 3671 701 3723 lunone
724 3674 840 3735 iniectus,
863 3672 893 3723 el.
918 3688 956 3722 vs.
980 3670 1046 3734 6593
1070 3671 1147 3722 Silius
1164 3670 1189 3734 7,
1206 3666 1259 3720 496

75 3744 211 3807 ,fabium
229 3746 344 3793 5555551
359 3740 482 3803 5555515111
518 3738 577 3793 681.
600 3744 673 3793 vivit:
698 3742 784 3806 „ignes
805 3742 884 3791 vivite
903 3741 1071 3804 inexstincti,“
1093 3739 1166 3790 Ovid.
1189 3739 1259 3790 Fast.

74 3809 98 3875 3,
115 3806 193 3880 4281
228 3806 288 3859 687.
307 3811 344 3861 56
359 3826 416 3874 uu„
442 3812 458 3860 1.
477 3826 498 3859 5.
518 3810 548 3858 56
567 3824 641 3860 uuum
660 3826 750 3860 omnes.
787 3808 837 3859 Cic.
855 3809 900 3875 ldp.
919 3811 951 3859 56
969 3808 1038 3859 Fam.
1063 3806 1108 3873 10,
1129 3805 1161 3858 16
1186 3812 1261 3872 „suut

74 3880 173 3933 assensi
192 3878 235 3929 ud
251 3882 377 3929 555551ί
395 3879 428 3929 id.
447 3878 516 3929 Lael.
535 3892 556 3927 c.
574 3874 609 3929 23
626 3880 673 3941 „de
691 3879 800 3929 55151115
818 3892 925 3931 omncs
940 3878 989 3935 56
1005 3878 1186 3928 5555516555
1204 3892 1260 3926 seu-

74 3950 221 3999 11551.“-
240 3945 355 3997 Ceterum
378 3953 406 3997 51
430 3961 578 4013 praegresso
602 3949 743 4013 pronomine
764 3944 805 3996 Tu
830 3946 952 3996 omittitur
975 3946 1078 3997 verbum
1102 3963 1130 3996 es
1149 3946 1217 4011 (Tib.
1234 3941 1260 4006 4,

75 4014 115 4080 13,
135 4014 170 4069 11
191 4032 228 4081 sq.
246 4013 305 4079 „Tu
322 4015 381 4066 mibi
397 4030 513 4065 curarum
531 4015 642 4080 requies,
667 4023 694 4066 tu
719 4022 790 4065 nocte
808 4013 848 4064 vel
866 4022 923 4065 5155
940 4015 1046 4078 Lumen,
1067 4021 1092 4065 et
1112 4016 1137 4065 15
1155 4015 1260 4064 solistu

74 4087 133 4135 mibi
152 4086 231 4135 turbu
248 4082 336 4133 loeis.“
354 4084 419 4134 5665
437 4084 507 4147 Virg.
525 4083 577 4133 lici.
595 4082 620 4145 5,
636 4082 660 4135 4.
675 4082 715 4135 34.
734 4080 758 4147 8,
771 4079 812 4133 48.
825 4080 888 4148 boi,
906 4084 942 4133 itu
960 4084 1082 4134 vocativo
1100 4084 1262 4149 praecedente

74 4161 144 4203 recte
169 4153 250 4204 omitti
274 4146 394 4221 poterat!
429 4148 487 4202 688.
503 4154 590 4217 pietas
613 4157 683 4214 aut,
708 4153 783 4202 solitu
804 4151 932 4202 5751555115
953 4159 980 4203 51
1002 4152 1170 4202 misericordia
1193 4145 1260 4217 1551

74 4218 135 4273 691.
149 4222 217 4287 quod
229 4237 242 4269 5
278 4225 355 4286 erest,
370 4222 487 4286 reliquum
500 4219 612 4283 classem,
632 4220 662 4270 ol.
675 4236 713 4270 vs.
726 4217 798 4286 7961
833 4218 892 4272 699.
904 4221 971 4271 dem.
982 4222 1026 4283 M,
1045 4227 1072 4271 51
1083 4235 1121 4270 vs.
1134 4216 1186 4270 690
1202 4232 1260 4279 „res

103 4292 109 4303 .
234 4292 249 4317 „
398 4292 403 4305 .
743 4292 749 4303 .
888 4290 894 4301 .
1234 4288 1240 4299 .

74 4236 415 4424 55519166
429 4284 623 4422 itt-,trull
651 4286 869 4352 ⁶⁹⁴
886 4285 1260 4424 1515519115
