2942 4975
223 351 287 420 188
594 348 629 414 P.
652 345 818 413 VIRGILI
838 344 1029 412 MARONIS

311 535 555 618 Dulichiumque
577 533 735 616 Sameque
759 538 794 598 et
814 532 945 598 Neritos
967 533 1068 598 ardua
1089 534 1183 601 saxis.

309 621 486 704 Effugimus
508 621 656 702 scopulos
678 618 823 692 Ithacae,
845 618 977 683 Laertia
996 636 1104 700 regna

309 711 352 774 Et
374 713 493 777 tetram
516 705 661 771 altricem
684 704 771 770 saevi
793 721 997 769 exsecramur
1018 704 1112 769 Ulixi.

309 794 383 860 Mox
406 797 439 857 et
460 793 621 857 Leucatae
644 790 791 854 nimbose
812 789 975 854 cacumina
996 790 1115 855 montis

221 880 287 945 275
308 880 352 944 Et
374 877 564 944 formidatus
586 875 692 941 nautis
714 874 859 956 aperitur
880 874 1004 956 Apollo.
1233 937 1238 944 ,

309 965 403 1030 Hunc
425 961 563 1044 petimus
586 960 662 1026 lessi
686 965 719 1024 et
740 978 857 1041 parvae
879 959 1078 1025 succedimus
1100 959 1187 1040 urbi;

309 1051 436 1115 Ancora
459 1048 499 1112 de
521 1065 618 1128 prora
638 1044 767 1122 iacitur,
790 1048 879 1110 stant
900 1044 995 1110 litore
1017 1063 1147 1127 puppes.

392 1131 478 1214 Ergo
500 1132 664 1214 insperata
686 1131 817 1194 tandem
838 1130 956 1194 tellure
977 1130 1072 1211 potiti

162 1293 166 1312 Ι
309 1218 562 1298 Lustramurque
584 1216 651 1282 Iovi
672 1214 821 1300 votisque
842 1215 1040 1280 incendimus
1063 1233 1143 1296 aras,

222 1303 289 1368 280
310 1303 467 1385 Actiaque
489 1302 594 1367 Iliacis
617 1301 815 1368 celebramus
838 1301 934 1365 litora
955 1300 1048 1374 ludis.

310 1389 471 1454 Exercent
492 1388 612 1470 patrias
635 1386 707 1451 oleo
731 1386 861 1451 labente
883 1385 1060 1467 palaestras

310 1474 431 1539 Nudati
453 1473 544 1553 socii3
567 1473 656 1538 iuvat
679 1471 818 1536 evasisse
839 1475 890 1535 tot
910 1470 1007 1535 urbes

310 1559 476 1642 Argolicas
498 1559 684 1640 mediosque
705 1555 815 1638 fugam
837 1556 980 1622 tenuisse
1002 1572 1061 1638 per
1082 1556 1193 1622 hostis.

309 1645 440 1710 Interea
461 1662 611 1726 magnum
634 1641 682 1708 sol
705 1641 965 1706 circumvolvitm
985 1659 1113 1720 annum,

222 1729 288 1795 285
309 1731 353 1795 Et
375 1730 517 1812 glacialis
540 1729 662 1811 hiemps
685 1727 887 1809 aquilonibus
908 1732 1038 1808 asperat
1054 1727 1178 1807 -undas3

309 1816 395 1880 Aere
418 1832 495 1879 cavo
518 1814 669 1896 clipeum,
691 1813 799 1894 magni
821 1816 988 1894 gestamen
1009 1812 1154 1892 Abantis,

309 1900 458 1965 Postibus
481 1898 622 1964 adversis
645 1895 720 1979 figo,
744 1902 779 1962 ct
800 1917 870 1963 rem
891 1898 1031 1962 carmine
1054 1897 1158 1978 signo:

311 1999 446 2048 anmals
468 2000 561 2048 nanc
584 2001 632 2048 nn
654 1997 785 2046 nauare
806 1997 1143 2047 vrcnonmusmmm.

311 2071 474 2152 Linquere
497 2074 565 2134 tum
587 2073 700 2152 portus
721 2069 817 2134 iubeo
840 2073 875 2134 et
896 2067 1063 2134 considere
1085 2069 1245 2136 transtris.

222 2155 288 2221 290
311 2157 465 2222 Certatim
488 2155 566 2221 socii
588 2153 709 2221 feriunt
731 2173 819 2220 mare
840 2158 875 2218 et
897 2171 1038 2236 aequora
1057 2159 1200 2219 verrunt.

310 2241 462 2307 Protinus
486 2242 588 2306 aerias
610 2239 793 2305 Phaeacum
814 2239 1037 2304 abscondimus
1059 2257 1157 2319 arces,

310 2328 484 2409 Litoraque
505 2327 596 2407 Epiri
618 2326 754 2408 legimus
776 2330 936 2407 portuque
959 2324 1101 2389 subimus

311 2413 451 2479 Chaonio
476 2418 509 2477 et
532 2413 649 2478 celsam
670 2410 824 2476 Buthroti
845 2409 1025 2475 accedimus
1049 2409 1170 2475 urbem

223 2667 284 2722 274.
297 2668 384 2733 Lessa,
395 2683 421 2719 v.
430 2664 455 2731 8,
464 2665 538 2733 6771
553 2664 620 2719 275.
632 2667 729 2734 Apollo,
741 2667 857 2733 templum
868 2666 996 2733 Apollinis,
1015 2668 1079 2733 quod
1092 2669 1123 2717 ad
1136 2665 1236 2717 Antium
1247 2673 1303 2718 esst
1313 2667 1337 2719 in
1348 2682 1399 2734 pao·

226 2738 355 2789 montorio.
373 2764 407 2774 -
425 2733 534 2817 trusa,
548 2734 581 2787 19
597 2736 720 2799 „nondum
739 2736 961 2801 aperientibus
980 2735 1085 2785 classem
1096 2737 1297 2802 promontoriis,“
1315 2737 1331 2786 i.
1342 2752 1364 2787 e.
1380 2737 1399 2784 in

225 2799 1399 2942 ttsttttttlllltldl·illidit..ltlhltttdllllttltttlttill

225 2941 561 3063 prpiatipngetblusgatioge
569 2947 693 3061 otpufflu
706 2942 745 2990 eui
756 2941 802 3059 dgo
814 2955 913 3059 ⁸:⁰¹'9m
925 2940 1052 3059 piseotlarde
1048 2940 1224 3061 ⁰sigloardus&
1231 2942 1256 2993 ei
1267 2941 1319 3007 (hio
1326 2942 1343 2991 I
1346 2959 1367 3059 od
1365 2955 1377 2988 ο
1382 2939 1399 3003 r]

279 3027 292 3060 r
373 3024 401 3059 ce
418 3024 450 3059 an
480 3026 505 3059 r·
591 3046 597 3059 .
668 3038 720 3059 .-
782 3025 797 3057 r
1121 3036 1176 3059 .··-

225 3025 634 3131 63756666Ιοοοοῑοοοῖἰοοέιοοοο
651 3084 690 3129 est
707 3023 1055 3145 Agffcly'lufflaedarffi.⁰al
1073 3024 1183 3141 ..disant
1199 3017 1399 3145 δώωριᾟιῖἓ

226 3146 367 3215 γονται.“1
400 3142 459 3195 280.
477 3144 561 3197 Finxit
579 3148 625 3196 hoc
642 3144 762 3210 Virgilius
775 3145 921 3213 Imperatori
936 3147 1049 3209 Augusto
1067 3145 1264 3211 gratificaturus,
1284 3146 1326 3213 qui
1342 3146 1399 3195 sicto

226 3218 259 3267 ad
279 3216 375 3266 Actium
394 3216 498 3264 Antonio
518 3216 588 3264 ludos
607 3214 640 3265 ibi
658 3215 766 3265 instituit
783 3214 965 3275 celeberrimos,
982 3215 1123 3264 coniunctos
1144 3212 1255 3265 tortasse
1272 3230 1328 3265 cum
1345 3214 1399 3264 anti-

227 3286 281 3351 quis
299 3284 363 3347 illis,
386 3299 447 3348 quos
466 3282 632 3333 Callimachus
656 3290 682 3333 et
699 3283 791 3333 Strabo
815 3282 845 3348 (l.
864 3279 888 3332 7.
907 3298 930 3348 p.
948 3278 1000 3333 325
1016 3280 1098 3348 extr.)
1122 3280 1317 3351 memorarunt}
1350 3278 1400 3333 281.

223 3356 345 3421 patrias,
369 3352 455 3417 quales
473 3352 496 3402 in
515 3353 598 3417 patria
615 3366 734 3403 exerrare
751 3351 872 3402 solebant.
890 3378 922 3389 -
942 3352 996 3402 otoo
1013 3351 1029 3401 t.
1047 3352 1181 3414 certaturi,
1203 3352 1274 3403 laets
1294 3353 1400 3410 maxime,

226 3423 281 3475 oleo
300 3437 327 3472 se
343 3421 480 3485 ungebant3
500 3420 606 3481 tabente,
625 3414 770 3481 diffluente!
804 3416 864 3471 283.
889 3417 919 3471 ο7.
944 3435 982 3470 vs.
1000 3416 1076 3487 272.1
1109 3416 1170 3471 284.
1194 3419 1400 3471 οἰοοωινοῐνοοάο

227 3506 254 3541 se
272 3490 311 3541 sol
328 3490 452 3556 esjtctt
469 3504 565 3551 annum,
583 3488 673 3555 itaque,
692 3488 739 3537 hoc
756 3488 834 3554 ipsum
852 3494 880 3539 ut
897 3488 1061 3551 significetur,
1086 3494 1159 3555 poeta
1177 3503 1255 3540 ausus
1273 3494 1313 3539 est
1331 3489 1401 3539 disere

224 3558 265 3609 sol
276 3557 482 3610 circumvolvitur
494 3572 601 3621 annam,
614 3572 674 3607 usus
688 3551 818 3612 συντάξει
832 3546 903 3623 πρὸς
916 3547 944 3604 τέ
960 3547 1129 3622 νοούμενον,
1143 3562 1171 3606 ut
1188 3556 1276 3607 floret.
1292 3556 1339 3622 Ep.
1348 3554 1370 3615 2,
1379 3550 1399 3610 2,

228 3623 278 3679 125
297 3626 359 3689 „Sat
379 3641 434 3677 rum
452 3627 590 3689 movetur,“
607 3626 623 3675 i.
642 3642 663 3675 e.
681 3625 760 3674 saltat
778 3624 906 3691 (saltando
924 3624 1049 3690 imitatur)
1075 3624 1203 3691 Satyrum.
1220 3653 1255 3662 -
1273 3638 1400 3691 magrmrt.

226 3694 259 3745 ci.
279 3693 303 3759 1,
321 3644 394 3761 2681
428 3690 486 3745 286.
506 3709 530 3745 ν.
548 3690 573 3756 5,
592 3690 667 3764 6681
700 3690 760 3745 287.
775 3694 891 3759 portabere
908 3692 1001 3759 templi.
1019 3707 1138 3754 -rem,
1156 3687 1189 3742 τὸ
1207 3685 1388 3761 ποιούμενον.

225 3760 285 3814 288.
301 3764 376 3828 baec,
395 3762 436 3813 vel
456 3765 526 3880 (sats
546 3769 643 3829 repetes
667 3776 699 3813 ex
723 3762 851 3827 superiore
871 3774 947 3811 versu
970 3759 1010 3811 vel
1032 3760 1156 3824 intelligas
1178 3761 1322 3825 dedicarit,

227 3832 331 3883 verbim
357 3832 381 3880 in
407 3830 456 3882 titu
467 3833 488 3881 is
511 3832 671 3882 donariorum
695 3830 761 3881 solet
786 3830 878 3894 omitti,
900 3836 929 3879 ut
949 3828 979 3878 ll.
997 3827 1021 3891 7,
1039 3826 1082 3879 29.
1102 3854 1133 3867 -·
1159 3829 1192 3879 de
1212 3828 1331 3893 Danais,
1353 3831 1367 3878 i.
1382 3842 1399 3875 e.

227 3900 326 3963 Abanti,
345 3897 441 3949 Graeco
460 3899 558 3962 homini,
575 3914 591 3949 a
609 3913 636 3950 se
654 3899 685 3949 ad
704 3899 806 3950 Troiam
824 3898 918 3960 occiso,
942 3903 1041 3963 erepta3
1060 3896 1115 3947 Lis.
1133 3894 1176 3959 25,
1193 3894 1228 3947 28
1251 3905 1356 3961 „nostm
1372 3896 1402 3945 ds

227 3966 416 4019 Atheniensibus
438 3967 729 4033 Carthaginiensibusque
758 3973 874 4031 tropaea,
900 3972 946 4016 tua
974 3966 1011 4015 de
1034 3961 1159 4034 nobis.“ss
1191 3962 1340 4019 sss-mo.
1366 3962 1401 4014 At

228 4038 306 4087 Aetio
320 4035 456 4103 profectus
469 4038 574 4087 Aeneas
590 4039 660 4087 amit
676 4036 712 4085 ad
728 4034 847 4102 Epirum,
866 4034 916 4083 abi
931 4035 964 4083 ab
976 4032 1068 4084 Hebro
1083 4039 1149 4097 vate,
1163 4032 1221 4097 fian
1239 4034 1350 4097 Ρηὶιοιί,
1363 4032 1403 4097 (μί

226 4108 344 4172 captivus
371 4100 561 4169 Neoptolemum
587 4120 617 4154 ao
646 4108 755 4154 secutus
777 4104 839 4152 erat
864 4105 889 4152 et
913 4101 993 4153 ducta
1019 4103 1046 4151 in
1078 4104 1280 4153 mahumeriam
1305 4101 1402 4153 Andra-

228 4174 330 4235 macta,
345 4174 421 4240 prius
434 4172 559 4235 Hectoris,
574 4176 633 4237 post
647 4170 804 4237 Neoptolemi
819 4185 911 4232 asora,
928 4175 986 4220 tam
1002 4171 1040 4219 sbi
1055 4171 1195 4235 regnabat,
1212 4172 1323 4237 deame
1337 4170 1402 4221 saei

226 4238 321 4309 ptiar!
355 4237 414 4291 291.
432 4239 463 4290 oi.
482 4240 552 4289 Hom.
570 4240 617 4290 od.
638 4238 662 4301 5,
681 4236 732 4290 279
750 4254 787 4302 sq.
805 4264 840 4274 —-
863 4238 972 4288 Pherae.
993 4253 1084 4302 areos,
1104 4244 1200 4289 montes
1222 4238 1357 4308 Corcyrae.
1373 4262 1402 4273 ·-

229 4310 357 4372 οὸοοοπό,
374 4309 461 4376 procul
478 4308 534 4359 visa
551 4322 626 4374 porro
644 4307 820 4371 navigantibus
837 4306 983 4373 interposito
1001 4307 1065 4356 mari
1082 4306 1202 4373 paulatim
1225 4307 1403 4359 absconduntur

227 4385 256 4431 et
272 4396 287 4430 e
304 4384 435 4446 conspeetu
453 4377 558 4440 abeuntp
575 4377 725 4427 contrarium
744 4381 784 4427 est
800 4377 899 4442 aperiri
915 4390 954 4424 vs.
971 4371 1031 4439 275,
1049 4374 1114 4425 adde
1131 4370 1207 4439 2061
1241 4372 1302 4427 292.
1322 4378 1402 4442 portu,

225 4681 578 4937 Ἶ
