2942 4975
491 326 708 439 nnunmos
730 327 811 394 nm.
833 279 915 394 m*

185 513 354 592 Verberet,
377 512 576 594 cornumque
598 513 739 594 equitem
761 532 857 597 super
877 515 947 597 ipse
969 522 1099 584 secutus

185 599 337 680 Inplieat
360 597 528 679 eiectoque
549 597 705 663 incumbit
726 617 863 664 cernuus
886 617 983 666 armo.

87 682 163 750 895
186 683 335 749 Clamore
355 682 534 748 incendunt
556 683 679 747 caelum
702 684 865 766 Troesque
887 685 1066 768 Latinique.
1114 702 1123 720 ·

183 769 325 833 Advolat
346 769 486 846 Aeneas,
507 767 686 848 vaginaque
708 768 806 850 eripit
827 787 944 850 ensem,

183 854 228 917 Et
249 853 460 934 superhaec:
483 852 546 918 Ubi
568 871 654 918 nunc
674 852 853 919 Mezentius
876 873 952 920 acer
973 861 1008 921 et
1027 856 1084 922 illo

183 937 295 1002 Effera
314 938 364 1003 vis
384 935 504 1002 enimi?
548 937 669 1003 Contra
691 937 890 1020 Tyrrhenus,
911 944 949 1005 ut
971 959 1065 1006 ouras

185 1021 370 1105 Suspicione
391 1022 499 1087 housit
520 1022 644 1087 coelum
666 1027 872 1105 mentemque
893 1027 1032 1108 recepit:

88 1107 162 1172 900
184 1107 297 1172 Hostis
318 1125 440 1185 amare,
462 1106 539 1189 quid
560 1107 735 1188 increpitas
757 1113 956 1190 mortemque
978 1111 1130 1178 minaris?

183 1193 316 1258 Nullum
337 1192 372 1256 in
394 1193 492 1258 caede
514 1191 616 1271 neias3
638 1211 699 1257 neo
720 1188 770 1258 sie
789 1192 831 1258 ad
851 1195 974 1276 proeha
995 1197 1083 1277 veni3

183 1277 253 1343 Nec
275 1283 384 1342 tecmn
404 1295 496 1342 meus
517 1276 598 1344 haec
618 1277 742 1359 pepigit
763 1278 840 1342 mihi
861 1277 993 1346 foedera
1014 1283 1146 1348 Lausus.

183 1363 292 1428 Unum
313 1361 387 1442 hoc,
409 1379 480 1443 per,
502 1361 621 1444 siqua
638 1368 689 1428 est
710 1362 804 1428 victis
825 1364 919 1430 venia
940 1365 1100 1448 hostibus,
1123 1385 1193 1434 oro:

186 1446 309 1530 Corpus
331 1447 428 1512 humo
450 1447 574 1528 patiere
596 1447 671 1528 tegi.
715 1446 788 1514 Soio
811 1449 928 1515 acerba
948 1469 1093 1517 meorum
1172 1511 1188 1535 ,

87 1531 162 1617 905
186 1531 400 1597 circumstare
421 1532 508 1596 odia:
529 1532 629 1611 hunc,
650 1550 723 1611 oro,
745 1532 882 1598 deiende
904 1533 1060 1616 furorem

183 1617 229 1681 Et
250 1635 302 1682 me
324 1621 505 1697 consortem
526 1617 595 1682 nati
617 1617 757 1682 concede
780 1617 965 1699 sepulchro..

182 1702 272 1767 Haec
295 1702 449 1783 loquitur,
470 1701 645 1783 iuguloque
668 1702 753 1767 haud
775 1702 895 1770 inscius
915 1705 1033 1788 ancipit
1055 1723 1173 1787 ensem,

182 1787 390 1869 Undontique
412 1787 551 1869 animam
572 1786 723 1852 diffundit
744 1787 778 1854 in
800 1807 889 1854 orma
911 1807 1032 1857 cruore.

299 2158 357 2270 Α
410 2153 463 2268 Ε
515 2154 573 2268 Ν
625 2153 678 2269 Ε
731 2153 764 2270 Ι
818 2153 876 2268 D
931 2153 982 2268 Ο
1039 2155 1077 2273 S

409 2364 584 2449 nrnnn
613 2361 968 2450 nnonornus.

88 2621 238 2686 (Proainw
256 2620 299 2670 die
317 2622 423 2685 tropaeo
440 2620 580 2669 ementitum
597 2619 718 2685 datisque
742 2619 868 2682 induciis,
883 2621 938 2736 gui
958 2622 987 2670 in
1007 2636 1098 2686 pogna
1122 2622 1279 2689 ceciderant,

94 2688 268 2754 sepeliantur.
303 2685 396 2736 hienae
414 2685 550 2736 Pallantis.
565 2714 599 2723 -
621 2685 721 2739 Tristia
740 2701 865 2753 responsa
908 2688 1022 2753 temedan,
1042 2691 1115 2755 regis
1131 2693 1279 2758 Arporam,

90 2772 176 2823 quem
193 2759 220 2806 in
238 2758 391 2806 societatem
407 2769 544 2804 arrnorrnn
556 2753 649 2805 Latini
660 2755 807 2805 auocauere
819 2758 906 2805 conati
918 2762 1002 2807 erant
1031 2756 1146 2807 oroneo
1158 2764 1184 2809 et
1198 2758 1283 2811 Tarni

95 2828 193 2875 mutua
210 2825 313 2888 iurgia.
336 2849 371 2858 —
395 2823 500 2873 Interea
517 2826 650 2874 instructa
667 2826 724 2874 acie
743 2823 843 2873 accedit
860 2824 896 2873 ad
912 2826 1002 2875 urbem
1021 2830 1131 2877 Aeneas.
1154 2854 1188 2865 —-
1210 2828 1280 2879 Duru

100 2891 208 2944 Turnus
225 2907 287 2943 suos
304 2894 332 2941 in
351 2892 456 2941 immin
475 2890 587 2952 collocat,
606 2892 686 2943 alteri
699 2894 777 2960 parti
793 2894 927 2942 exercitae
941 2893 1083 2960 praqsecta
1095 2898 1281 2963 imperiumque

93 2977 129 3011 co
146 2960 189 3011 die
206 2975 264 3010 carn
280 2957 366 3011 Turno
380 2962 486 3025 partita
498 2958 618 3025 Camilla,
637 2962 733 3025 regina
747 2958 776 3011 V
773 2959 908 3022 ebrorum,
928 2976 984 3011 rem
1001 2966 1075 3027 gorii
1092 2966 1195 3049 optime.
1223 2965 1282 3027 Qua

154 3030 245 3079 occisa
256 3025 378 3093 fagiunt
395 3026 461 3077 ltab·
478 3027 515 3078 ad
531 3029 630 3092 arbem,
647 3044 709 3093 qnos
728 3032 831 3096 accepto
849 3030 939 3078 nuntie
957 3032 1075 3095 requitur
1095 3030 1230 3099 Turnat.)

190 3265 355 3331 Oceanum
376 3264 503 3328 intereo
525 3281 660 3345 surgens
682 3263 809 3329 Aurora
830 3264 977 3347 reliquit:

189 3351 329 3428 Aeneas,
352 3366 544 3431 quemquam
567 3353 601 3412 et
622 3348 715 3413 sociis
739 3349 816 3415 dare
839 3354 965 3431 tempus
987 3350 1155 3417 humandis

167 3511 170 3516 ¹
188 3434 409 3517 Praecipitant
431 3452 526 3500 curae
548 3433 743 3515 turbatoque
765 3433 878 3501 funere
900 3454 990 3501 mens
1014 3440 1072 3515 est,

97 3608 190 3674 pedem
208 3606 305 3657 elatis
323 3605 462 3671 pulsantem
480 3604 591 3656 calcibus
609 3605 728 3661 eures.“i
763 3601 815 3656 898
827 3620 863 3670 sq.
881 3620 936 3673 rap.
955 3609 972 3655 i.
991 3612 1042 3657 ceo.
1055 3608 1127 3675 Inpl,
1144 3608 1198 3675 ipse
1215 3608 1286 3660 fusos

99 3689 180 3742 snper
196 3674 302 3725 effnsnrn
319 3675 426 3740 equitem
439 3673 507 3735 fecit,
524 3680 553 3723 ut
563 3675 585 3723 is
597 3673 715 3739 expedire
726 3687 754 3722 ee
767 3688 813 3723 non
826 3674 912 3739 possit.
922 3702 956 3711 —-
969 3677 1047 3725 eiecto
1060 3692 1142 3741 armo,
1153 3676 1285 3729 ‘Donatum

100 3750 237 3810 „porrecto
249 3743 329 3793 altero
341 3739 453 3809 ernref‘}
469 3738 529 3791 895.
542 3741 685 3799 incendere,
697 3747 727 3791 nt
736 3740 854 3807 φλέγειν
866 3748 892 3792 et
904 3740 1080 3809 ἐπιφλέγων,
1092 3758 1165 3811 saepe
1177 3745 1287 3797 refertor

100 3814 137 3862 ad
159 3812 352 3874 magnitudinem
376 3810 419 3860 vel
440 3810 618 3859 vehementiam
642 3810 691 3872 rei,
714 3824 778 3873 quae
795 3810 889 3860 incendi
907 3811 1011 3875 dicitnr,
1037 3819 1066 3863 nt
1082 3816 1164 3879 uires,
1189 3815 1287 3867 luciam

100 3879 243 3931 inceredere
258 3876 283 3940 5,
301 3876 361 3930 455.
379 3876 404 3942 9,
421 3875 486 3940 5003
510 3879 559 3928 iem
577 3878 676 3944 proprie
694 3876 814 3928 clamor
830 3879 981 3944 incenditur,
1005 3886 1194 3946 pertenentem
1212 3885 1287 3935 etiam

102 3951 232 3999 caelum
248 3948 345 3997 incendi
362 3946 472 3997 clamore
489 3946 588 4010 dieunt,
611 3948 627 3999 i.
646 3960 667 3997 e.
684 3944 782 4013 impleri
798 3946 892 4011 ingenti
910 3944 1040 4013 clemona!
1075 3946 1133 4001 897.
1152 3966 1244 4018 saper,
1260 3966 1286 4002 u.

101 4030 143 4066 vs.
161 4011 236 4079 5561
271 4012 331 4066 899.
349 4016 440 4066 hausit
456 4015 545 4079 oculis,
570 4013 602 4064 ci.
620 4012 661 4078 12,
679 4011 730 4066 945
748 4030 785 4081 sq.
810 4021 835 4065 et
852 4032 876 4066 v.
895 4013 920 4079 1,
937 4012 1010 4085 5464
1045 4014 1104 4069 903.
1128 4033 1153 4068 v.
1170 4016 1197 4083 2,
1214 4016 1287 4083 1421

99 4080 165 4137 905.
182 4097 207 4133 v.
226 4083 255 4134 h.
275 4081 299 4147 7,
316 4081 358 4135 47.
375 4084 486 4149 prohibe,
503 4099 534 4133 ne
551 4083 588 4135 ite
606 4084 721 4134 saevient
738 4085 762 4133 in
779 4098 827 4147 me,
847 4092 876 4134 nt
892 4084 1042 4151 insepultum
1060 4087 1185 4138 obiiciant.

173 4154 356 4203 Aetoii-1..
375 4156 431 4202 ¹1.
466 4148 559 4202 1-99.
577 4152 702 4203 hominm
718 4152 762 4203 die
778 4155 882 4203 Aeneae
907 4157 1039 4220 tropaeam
1063 4158 1208 4218 constiterit,
1231 4157 1288 4205 tarn

100 4219 228 4286 dejiciam
244 4220 392 4271 Pallantem
409 4220 493 4270 multo
510 4236 569 4270 cam
585 4222 682 4272 bonore
694 4221 731 4271 ad
742 4222 833 4272 arbem
845 4221 967 4273 Euandri
976 4222 1165 4290 deportandam
1183 4220 1287 4291 curat}

104 4286 129 4339 1.
148 4291 259 4353 interea,
277 4304 302 4339 v.
320 4286 363 4351 10,
382 4286 419 4346 1.1
454 4284 479 4337 8.
497 4288 623 4356 Praecip,
640 4289 716 4339 vaide
734 4296 833 4353 urgent.
851 4316 885 4325 -
902 4292 970 4341 tar-h.
982 4291 1048 4356 sun.
1065 4306 1100 4339 m.
1119 4293 1166 4353 ert,
1185 4288 1288 4339 Servios

101 4356 239 4420 „funere
261 4356 383 4407 Pallantis
407 4349 463 4404 κατ’
489 4347 618 4421 ἐξοχὴν,“
643 4358 690 4407 nisi
708 4356 774 4409 forte
797 4358 844 4420 (uti
862 4358 975 4424 equidem
993 4360 1089 4419 statuo)
1108 4372 1137 4407 en
1155 4357 1235 4407 verbe
1252 4358 1289 4409 itu

158 4444 264 4492 b'rnorn.
280 4456 358 4491 annu.
1050 4438 1084 4492 26

1326 2513 1345 2548 Q
