2942 4975
456 387 677 466 Buconica,
703 402 792 467 ECL.
814 403 870 467 III.

474 678 506 749 Ε
527 674 556 748 O
574 678 606 747 L
625 678 656 751 0
675 680 712 750 e
731 681 763 748 Α
808 678 877 751 111.

520 826 826 883 ΡΔΒΔΕΜΟΝ.

270 944 507 1011 manneus:
551 943 790 1009 naucerus,
829 898 1076 1040 eanasuon.

161 1141 195 1181 ιι.
242 1115 303 1179 Die
325 1114 416 1193 mihi,
439 1116 610 1194 Damoeta,
634 1115 739 1179 cuium
761 1118 882 1198 pecus?
919 1136 960 1182 an
982 1117 1158 1184 Meliboei?

161 1228 195 1275 n.
243 1200 329 1277 Non,
351 1217 463 1265 verum
484 1200 639 1282 Aegonis3
662 1218 765 1283 nuper
786 1202 864 1266 mihi
886 1202 1018 1267 tradidit
1040 1205 1163 1285 Aegon.

163 1314 197 1351 n.
242 1284 359 1350 Infelix
382 1302 401 1350 o
424 1303 562 1367 semper,
586 1286 667 1365 orie,
690 1288 802 1368 pecus!
839 1287 908 1368 ipse
929 1288 1089 1353 Neaeram

163 1372 255 1435 Dum
276 1369 378 1450 fovet,
402 1389 451 1449 ac,
477 1389 592 1451 neme
615 1370 860 1452 sibipraeferat
881 1372 951 1451 illa,
973 1379 1113 1454 veretur,

9 1482 13 1503 ·
117 1457 139 1520 5
164 1456 229 1521 Hic
255 1456 376 1521 alienus
399 1456 466 1521 ovis
489 1462 596 1521 custos
618 1456 667 1521 bis
689 1457 814 1539 mulget
834 1457 868 1521 in
889 1457 982 1537 hora3

164 1542 211 1606 Et
234 1559 329 1605 sucus
351 1541 459 1622 pecori
483 1546 516 1605 et
537 1542 596 1606 lac
610 1540 798 1607 subducitur
820 1543 919 1624 agnis.

165 1653 197 1691 n.
246 1626 377 1691 Parcius
398 1627 462 1691 ista
482 1627 559 1691 viris
580 1632 689 1692 tamen
713 1626 892 1693 obiicienda
913 1634 1083 1693 memento.

164 1711 334 1790 Nouimus,
357 1716 391 1775 et
412 1712 467 1792 qui
489 1716 536 1790 te,
564 1717 749 1777 transversa
771 1712 936 1777 tuentibus
957 1713 1062 1792 hircio,

165 1798 212 1861 Et
235 1815 298 1879 quo
322 1832 360 1842 -
385 1797 442 1861 sed
464 1796 576 1862 faciles
597 1796 765 1880 Nymphae
786 1798 887 1863 risere
910 1834 951 1845 -
974 1799 1100 1863 sacello.
1134 1849 1137 1853 s
1234 1812 1239 1818 ’

101 1880 142 1947 10
166 1908 199 1947 ιι.
246 1882 339 1961 Tum,
363 1882 472 1961 credo,
496 1901 576 1965 cum¹
589 1900 640 1947 me
663 1883 828 1947 arbustum
846 1884 959 1948 'videre
982 1883 1118 1949 Miconis

165 1970 276 2049 Atque
299 1967 383 2031 mala
403 1967 477 2031 vitis
500 1968 642 2033 incidere
665 1967 747 2032 falce
769 1968 921 2033 novellas.

167 2080 198 2118 n.
247 2054 313 2117 Aut
335 2052 386 2116 hic
409 2054 449 2118 ad
471 2053 590 2117 veteris
612 2052 701 2134 fagos
725 2071 797 2117 cum
819 2053 996 2135 Daphnidis
1019 2072 1127 2118 arcum

166 2138 308 2219 Fregisti
333 2142 366 2203 et
388 2138 541 2203 calamos:
562 2155 644 2219 quae
667 2143 715 2216 tu,
738 2156 890 2220 perverse
912 2138 1066 2217 Menalca,

167 2224 226 2302 Et,
251 2242 322 2287 cum
344 2222 451 2287 vidisti
472 2241 573 2305 puero
597 2224 730 2302 donata,
754 2223 893 2303 dolebas

104 2308 145 2374 15
166 2310 226 2389 Et,
250 2309 276 2373 si
299 2326 363 2373 non
387 2309 494 2391 aliqua
515 2308 689 2387 nocuisses
713 2314 858 2374 mortuus
881 2326 992 2372 esses.

168 2420 199 2459 n.
245 2393 328 2471 Quid
352 2394 470 2459 domini
491 2392 623 2472 faciant,
647 2394 767 2459 audent
790 2412 860 2457 cum
884 2393 963 2457 talia
985 2392 1084 2457 furesl

167 2478 244 2546 Non
266 2499 325 2562 ego
349 2484 383 2546 te
404 2479 469 2545 vidi
491 2478 656 2560 Damonis,
678 2479 830 2562 pessime,
854 2497 985 2560 caprum

168 2565 328 2646 Excipere
351 2565 488 2643 insidiiS,
510 2566 646 2630 multum
669 2565 810 2630 latrante
832 2565 986 2647 Lycisca?

169 2651 213 2715 Et
237 2669 309 2715 cum
333 2652 518 2716 clamarem:
543 2651 613 2728 Quo
636 2667 720 2715 nunc
744 2668 778 2715 se
801 2650 938 2732 proripit
957 2649 1035 2714 ille‘?

152 2859 276 2922 Eulogo
293 2861 355 2905 ΠΙ.
390 2854 488 2921 Scripta
513 2862 552 2905 eat
575 2857 634 2904 haee
656 2854 750 2918 Eulogo
774 2855 820 2904 aub
843 2862 963 2906 amntem
988 2855 1044 2904 anni
1069 2870 1092 2919 p.
1110 2871 1135 2906 ιι.
1160 2858 1181 2902 c.
1205 2853 1270 2913 7125

86 2925 273 3042 llttlbd
285 2923 471 3042 dtl‘llfl
489 2920 629 3058 {iiiiii
643 2923 1273 3056 ‘ld,ittllaltlllu“,ttllt‘⁶altt

89 3060 233 3111 Palaemone
251 3061 393 3110 constituto.
412 3054 434 3129 ΙΙ
452 3057 467 3108 1
486 3076 523 3124 aq.
542 3058 684 3121 Thebani,
698 3059 712 3109 1
726 3075 763 3123 aq.
782 3062 870 3110 cuium
886 3060 996 3123 antiquo;
1015 3058 1168 3110 retinebatur
1186 3062 1273 3123 cuiue,

136 3145 164 3193 a,
230 3145 275 3178 unu
295 3129 317 3180 in
337 3129 482 3193 quibusdam
501 3128 612 3178 lbrmulia
630 3128 691 3178 iuria
710 3126 825 3190 Romani,
843 3129 994 3193 aliquamdiu
1011 3129 1085 3176 etiam
1102 3128 1125 3176 in
1144 3127 1272 3191 familiari,

90 3198 222 3248 etdiutiua
241 3196 390 3248 fortassein
409 3192 656 3267 rusticorumque!
681 3193 705 3245 3.
724 3198 786 3261 ipae,
805 3197 915 3246 dominun
933 3190 1040 3265 Aegon}
1070 3191 1095 3244 5.
1114 3196 1224 3259 alienun,
1241 3203 1274 3245 ut

90 3267 261 3316 mercenarius.
286 3293 320 3302 -
344 3265 368 3314 id
394 3265 435 3315 ille
451 3265 539 3330 'turpia
563 3265 645 3316 lucelli
668 3279 745 3314 canan
769 3262 851 3314 faeere
874 3260 985 3335 dieitur]
1009 3259 1035 3314 6.
1057 3279 1082 3313 v.
1109 3261 1210 3325 10,13.
1236 3291 1270 3301 —

91 3333 123 3384 m
178 3333 345 3397 subducitur,
363 3349 411 3397 quo
429 3334 468 3396 lit,
495 3340 525 3383 nt
542 3327 719 3402 subducatur]
752 3329 775 3380 7.
794 3335 859 3382 viria
877 3337 973 3396 tamen,
991 3333 1032 3398 qni
1050 3339 1131 3382 tamen
1149 3333 1199 3381 vir
1215 3347 1271 3382 aum

92 3399 134 3466 (cf.
143 3402 242 3453 Sueten.
255 3401 360 3468 Vespas.
374 3417 394 3450 e.
408 3398 472 3468 13.)‚
486 3417 539 3463 non,
553 3401 632 3466 qualis
645 3408 672 3451 tn
684 3415 719 3463 es,
739 3401 862 3450 cinaedus.
875 3429 909 3438 -
926 3404 1005 3452 viria:
1022 3400 1130 3451 Pluralia
1139 3400 1270 3450 Nominum

93 3484 162 3536 saepo
173 3485 230 3520 eum
246 3472 356 3534 denotat,
375 3470 415 3534 qui
433 3477 472 3519 eat
489 3485 503 3518 e
520 3485 620 3520 nurnero
638 3470 678 3518 vel
696 3470 719 3518 in
738 3469 878 3520 condicione
895 3485 990 3534 eorum,
1008 3470 1049 3535 qni
1066 3468 1223 3533 appellantur
1240 3483 1273 3517 en

93 3540 193 3601 nnmine3
217 3537 249 3588 cf.
268 3539 298 3589 A.
317 3535 342 3601 3,
360 3535 420 3588 488.
444 3535 468 3600 7,
485 3535 545 3589 359.
568 3535 609 3599 12,
628 3534 685 3589 799.
703 3533 764 3588 876.
782 3532 855 3607 9474
887 3534 912 3587 8.
932 3541 978 3604 qui
994 3545 1030 3600 te,
1054 3539 1080 3584 et
1096 3552 1145 3600 quo
1161 3536 1272 3586 raedh.-

94 3609 206 3658 reticetur
225 3613 299 3672 turpe
316 3607 414 3672 aliquod
432 3606 544 3670 verbum,
563 3613 591 3657 ut
609 3607 673 3671 apud
692 3605 796 3655 'ibeoeu
817 3604 912 3669 1‚1oo.
937 3605 1035 3656 Terent.
1053 3604 1185 3654 Heautont.
1202 3603 1228 3668 b,
1245 3601 1275 3670 4,

95 3672 126 3724 18
142 3691 175 3740 aq.
201 3674 281 3738 „Ten'
296 3676 332 3724 mi
351 3691 394 3741 pcr
415 3674 529 3725 fallaciae
548 3675 670 3724 adducere
689 3681 747 3724 ante
765 3673 849 3724 oculos
867 3676 917 3722 -t
936 3675 1011 3742 pudet
1029 3674 1116 3723 Dicere
1134 3674 1180 3723 bac
1197 3688 1272 3739 prae-

96 3751 158 3793 sente
175 3745 279 3794 verbnm
298 3746 396 3809 turpe.“
425 3744 489 3792 adde
505 3741 531 3805 5,
549 3741 627 3806 1,40.
663 3742 741 3792 Salax
760 3755 838 3803 genus
854 3750 894 3792 cat
912 3743 1047 3804 hircorum,
1065 3749 1217 3807 quapropter
1234 3741 1273 3790 di·

97 3817 179 3861 cuntur
196 3811 372 3877 turpitudinem
390 3813 463 3862 iatam
479 3811 556 3862 oculis
569 3817 723 3862 transvena
738 3812 877 3873 tuentibus,
895 3812 910 3860 i.
923 3827 944 3861 e.
958 3811 1096 3875 obliquus.
1109 3809 1274 3871 mansurnis,

99 3880 218 3944 adspirare
236 3879 357 3930 stimulati
375 3881 468 3930 seilicet
485 3879 585 3930 libidine
602 3886 628 3929 et
644 3871 759 3951 invidia!
794 3875 818 3927 9.
830 3879 944 3943 faciles,
967 3879 1131 3942 indulgentes,
1154 3894 1210 3928 cnm
1229 3877 1274 3927 alii

99 3946 132 3994 dii
151 3949 277 4010 graviores
301 3948 378 3999 ulturi
406 3947 511 3998 luissent
537 3948 562 3999 id
586 3947 750 4010 sacrilegium.
774 3973 808 3982 —-
834 3946 931 3997 sacello
950 3948 1123 4015 Nympharum
1147 3940 1275 4013 seilicet!

100 4011 133 4064 10
149 4031 182 4080 aq:
208 4015 273 4066 Noto
292 4016 387 4066 ironiae
404 4031 493 4080 genere
510 4018 541 4066 de
557 4032 585 4066 se
602 4015 729 4081 praedicnt
747 4015 867 4077 flagitium
889 4015 999 4067 alterins.
1021 4041 1054 4052 —
1078 4013 1215 4064 Arbustum
1234 4014 1275 4064 bie

101 4089 155 4132 suut
164 4085 270 4134 arbores
288 4085 382 4134 vitibus
400 4084 543 4146 maritatam
563 4084 675 4135 solebant
687 4089 771 4134 autem
783 4083 847 4133 vitea
858 4091 884 4134 et
895 4084 998 4134 arborea
1011 4090 1094 4134 nenne
1106 4096 1180 4147 pares
1192 4082 1276 4145 iungi3

100 4151 178 4214 itaque
193 4153 234 4203 ille
251 4153 362 4204 novellat
379 4160 412 4202 et
422 4153 525 4202 arborea
543 4159 569 4202 et
583 4153 649 4202 vitea
667 4153 748 4203 laesit.
772 4178 806 4188 —
828 4153 916 4202 niden
936 4153 953 4202 ii
976 4153 1083 4216 scilieet,
1102 4150 1273 4216 quietantia

100 4217 191 4270 uicinia.
207 4247 241 4258 -
257 4220 372 4286 malas.
391 4224 454 4283 inu,
479 4237 522 4286 per
539 4221 658 4272 malitiam
677 4219 742 4270 falce
757 4215 817 4290 ina}
852 4218 894 4270 12.
913 4221 981 4284 „Aut
997 4227 1062 4283 tum,
1087 4234 1141 4270 cnm
1160 4217 1277 4282 fregisffl‘

102 4280 159 4357 cet}
183 4285 221 4339 13.
241 4289 363 4352 calamna,
382 4291 503 4354 sagium
522 4290 580 4339 Hoc.
599 4285 794 4352 oo.1,15,17.
811 4315 843 4326 ·-
861 4303 990 4354 pervorse,
1008 4289 1120 4352 maligne.
1167 4284 1208 4337 14.
1226 4287 1274 4336 do·

102 4360 164 4405 natu
180 4352 271 4426 ame}
298 4353 340 4408 15.
358 4357 387 4406 of.
399 4355 423 4419 l,
434 4355 493 4427 ael
518 4355 559 4408 16.
578 4357 638 4408 Cum
652 4358 718 4407 servi
736 4358 829 4409 abeona
847 4364 899 4407 tam
917 4358 1037 4410 audacter
1053 4357 1132 4421 compi
1142 4362 1192 4416 aut,
1211 4368 1272 4418 qun·-

100 4425 170 4474 modo
192 4427 292 4490 domini,
316 4425 372 4478 fidei
397 4426 494 4476 illorum
515 4440 566 4477 uua
589 4426 779 4488 committentes,
802 4424 870 4475 furta
893 4440 1091 4476 commeavere
1113 4424 1245 4489 poterunt-t
1261 4417 1278 4494 ἰ
