2942 4975
223 277 288 344 eoo
370 313 378 330 ·
593 277 628 340 Ρ.
649 274 813 340 unernr
835 238 1023 339 bleonus

310 464 447 530 Coniicit
467 464 565 545 inque
586 462 689 527 sinum
711 462 899 544 praecordia
921 462 962 526 ad
983 460 1096 527 intima
1118 461 1234 541 subdit,

310 550 380 627 Quo
402 548 571 615 furibunda
594 548 722 612 domum
744 552 886 613 monstro
909 546 1100 629 permisceat
1122 546 1257 613 omnem.

309 635 381 714 Ille,
395 634 488 699 -inter
508 638 616 699 vestes
638 638 672 698 et
694 633 779 698 levia
799 638 931 714 pectora
953 632 1080 714 lapsae,

162 737 167 750 ‘
221 719 289 793 356
309 720 457 785 Volvitur
479 724 603 784 attactu
624 719 726 797 nullo,
749 716 894 800 fallitque
916 716 1078 782 terrentem

308 806 480 888 Vipeream
502 805 661 885 inspirans
683 804 834 883 animam;
855 802 893 867 fit
915 803 1024 868 tortile
1048 801 1129 867 collo

307 892 430 955 Aurum
451 890 564 971 iugens
587 889 729 968 coluber,
752 887 789 953 fit
810 889 926 971 longae
949 888 1057 954 taenia
1078 887 1187 967 vittae,

308 975 512 1058 Innectitquc
536 993 655 1053 comas,
678 978 711 1039 et
732 974 884 1038 membris
905 974 1046 1042 lubricus
1070 978 1164 1056 errat.

308 1063 356 1127 Ac
378 1061 453 1125 dum
475 1061 578 1142 prima
598 1060 667 1124 lues
689 1060 753 1125 udo
776 1059 926 1141 sublapsa
946 1076 1070 1123 veneno

222 1145 287 1210 355
308 1146 511 1228 Pertemptat
532 1163 644 1210 sensus
667 1149 763 1225 atque
786 1146 909 1209 ossibus
931 1145 1063 1226 inplicat
1076 1144 1191 1225 tguem

309 1231 454 1296 Necdum
475 1231 599 1295 animus
621 1234 690 1295 toto
706 1230 859 1311 percepit
879 1234 1010 1312 pectore
1031 1228 1198 1307 flammam,

308 1317 450 1395 Mollius,
474 1320 508 1381 et
528 1316 621 1381 solito
644 1320 782 1380 matrum
806 1315 845 1379 de
866 1334 968 1394 more,
990 1315 1099 1379 locuta
1121 1320 1179 1393 est,

309 1401 412 1467 Multa
433 1419 530 1483 super
550 1405 646 1466 natae
668 1400 837 1466 lacrimans
859 1400 1068 1483 Phrygiisque
1090 1399 1288 1482 hymenaeis:

308 1487 519 1551 Exsulibusne
542 1487 637 1551 datur
659 1486 805 1551 ducenda
826 1486 959 1551 Lavinia
980 1485 1120 1564 Teucris,

223 1571 289 1636 360
311 1572 338 1637 0
362 1572 509 1655 genitor?
542 1590 603 1637 nec
625 1576 659 1636 te
681 1572 813 1635 miseret
834 1575 1014 1653 gnataeque
1037 1570 1168 1652 tuique?

309 1658 378 1723 Nec
399 1658 510 1723 matris
532 1657 677 1735 miseret,
699 1674 807 1739 quam·
816 1656 919 1737 primo
942 1656 1089 1737 aquilone
1111 1655 1273 1737 relinquet

308 1741 466 1822 PerfiduS,
489 1743 556 1807 alta
576 1747 690 1824 petens
713 1741 851 1813 abducta
872 1740 995 1822 virgine
1016 1741 1156 1823 praedo?
1322 1806 1327 1813 ,

308 1829 359 1892 An
381 1847 445 1892 non
468 1828 515 1893 sic
535 1827 692 1909 Phrygius
713 1830 864 1909 penetrat
886 1828 1129 1892 Lacedaemona
1149 1830 1260 1908 pastor

309 1913 532 1994 Ledaeamque
554 1913 711 1977 Helenam
734 1912 886 1978 Troianas
908 1912 995 1977 vexit
1017 1912 1058 1976 ad
1078 1912 1193 1977 urbes?

222 1997 288 2062 365
309 1998 393 2075 Quid
414 2003 471 2063 tua
492 2002 603 2062 sancta
624 1996 724 2062 fides?
758 1998 834 2080 quid
857 2016 934 2062 cura
956 1997 1087 2079 antiqua
1108 2002 1235 2063 tuorum

308 2082 353 2149 Et
375 2083 609 2165 consanguineo
631 2084 749 2148 totiens
772 2084 848 2149 data
869 2084 1002 2147 dextera
1023 2082 1151 2147 Turno?

308 2168 342 2233 Si
362 2187 464 2251 gener
486 2174 619 2234 externa
638 2168 761 2250 petitur
783 2169 823 2233 de
846 2173 942 2250 gente
964 2168 1096 2247 Latinis

308 2254 410 2335 quue
431 2255 537 2334 sedet,
559 2254 724 2336 Faunique
746 2258 897 2336 premunt
918 2258 951 2318 te
973 2254 1059 2319 iussa
1080 2252 1231 2335 parentis,

309 2339 445 2405 Omnem
468 2340 616 2422 equidem
638 2340 774 2421 sceptris
796 2343 916 2404 terram
938 2358 1020 2420 quae
1042 2338 1145 2403 libera
1166 2338 1288 2403 nostris

119 2463 122 2468 -
223 2419 289 2492 376
307 2425 464 2506 Dissidet,
487 2430 653 2491 externam
675 2444 763 2504 reor,
787 2429 820 2490 et
842 2424 887 2490 sic
910 2424 1016 2490 dicere
1039 2423 1137 2490 divos.

209 2579 215 2598 ¹
307 2512 351 2576 Et
374 2513 495 2591 Turno,
517 2512 544 2576 si
566 2512 669 2593 prima
691 2512 803 2575 domus
825 2515 992 2592 repetatur
1015 2511 1112 2592 origo,

216 2606 219 2612 '
307 2597 444 2661 Inachus
465 2597 670 2679 Acrisiusque
692 2600 801 2678 patres
824 2596 1010 2678 mediaeque
1032 2595 1195 2678 Mycenae.

190 2748 194 2757 .
326 2723 332 2737 ,
390 2681 448 2745 His
470 2683 525 2748 ubi
546 2682 740 2764 nequiquam
763 2681 856 2759 dictis
879 2685 1011 2764 experta
1032 2681 1181 2746 Latinum

196 2766 205 2785 '⁴
309 2764 430 2831 Contra
451 2771 536 2832 stare
558 2766 660 2848 videt,
681 2766 873 2849 penitusque
895 2767 929 2831 in
951 2767 1074 2832 viscera
1096 2766 1221 2848 lapsum

223 2851 287 2916 375
308 2850 473 2934 Serpentis
495 2850 609 2916 furiale
631 2853 763 2931 malum,
783 2856 949 2934 totamque
971 2856 1126 2934 pererrat,

222 3069 283 3124 347.
301 3075 329 3122 in
346 3075 443 3134 sibura,
460 3072 500 3121 oui
516 3074 656 3140 respondet,
673 3074 738 3138 qnod
756 3088 794 3124 vs.
812 3070 863 3124 349
884 3075 988 3138 legitur,
1007 3077 1076 3124 tiator
1092 3077 1176 3124 verior
1195 3076 1221 3122 et
1234 3076 1347 3139 pectora
1353 3091 1362 3132 ,·
1379 3080 1403 3124 et

223 3143 259 3191 ita
269 3141 372 3191 labitur
389 3141 422 3190 ad
438 3142 597 3206 praecordia,
621 3142 693 3205 „loca
714 3142 783 3192 cordi
801 3142 894 3205 vicina,
918 3149 947 3193 ut
967 3142 1003 3193 ait
1019 3141 1136 3205 Servius,
1161 3141 1250 3207 quibus
1269 3142 1404 3208 percipitur

222 3205 353 3263 sensus.“l
389 3206 441 3261 350
458 3224 495 3273 sq·
512 3210 577 3274 sall.
595 3211 624 3275 s.
644 3210 702 3277 Vp.
721 3213 788 3290 inape.
807 3227 864 3274 aar„
889 3211 905 3260 i.
924 3227 944 3261 e.
968 3211 1032 3260 clam
1056 3211 1160 3276 inspirat
1181 3208 1272 3260 iuranti
1297 3211 1403 3261 animan

203 3251 286 3344 ⁴vip,
311 3275 415 3331 ἔλαθεν
440 3269 527 3340 αὐτὴν
545 3277 627 3331 aas
651 3295 669 3327 α
696 3271 832 3346 decursor
857 3277 1011 3338 εἰσπνέων,
1036 3278 1121 3344 Eurip.
1146 3278 1244 3330 Heracl.
1268 3273 1323 3328 339
1346 3270 1403 3346 „pi

222 3339 312 3416 adep
330 3362 374 3415 με
392 3339 594 3414 προσπεσών.“
627 3295 716 3399 ⁴iiosrrt.
734 3347 780 3414 Ep.
800 3343 884 3411 1,1v,
908 3344 941 3398 10
964 3347 1033 3410 „Neo
1050 3347 1117 3396 vixit
1133 3347 1211 3408 male,
1235 3347 1278 3410 qui
1302 3353 1403 3398 natur

221 3420 434 3482 moriensque
444 3415 628 3480 fefollit.“l
662 3412 722 3466 351.
740 3431 778 3466 vs.
798 3411 848 3466 753
867 3415 1042 3479 „graviter
1060 3415 1265 3480 spirantibus
1290 3415 1404 3483 hydris.“

222 3511 256 3522 -
274 3484 341 3549 colio,
359 3500 384 3536 v.
403 3499 442 3534 vs.
454 3481 527 3547 aas}
561 3481 620 3536 362.
639 3487 743 3548 ,drama
763 3491 803 3534 ast
819 3484 938 3534 vittarum
956 3484 1119 3534 exmemitas“
1135 3482 1246 3533 Servius.
1263 3510 1298 3520 -—
1315 3487 1404 3548 uittas,

221 3569 247 3602 v.
265 3569 304 3603 vs.
321 3551 399 3619 4034
432 3548 492 3604 354.
506 3555 596 3619 ρτίπια
654 3567 761 3618 ameno,
783 3553 860 3618 pestis
885 3553 962 3618 primo
980 3552 1064 3603 furtim
1083 3567 1110 3602 se
1127 3552 1151 3600 in
1170 3567 1213 3602 cor
1230 3566 1259 3600 us
1277 3551 1404 3602 insinuans

221 3622 282 3670 udo
305 3636 438 3684 veneno,
464 3621 480 3671 i.
498 3637 520 3670 e.
538 3623 587 3671 udo
606 3621 685 3670 halitu
703 3627 838 3672 venenatae
856 3615 982 3686 viperae!
1016 3616 1076 3671 355.
1099 3635 1123 3670 v.
1148 3615 1207 3682 1,6
1244 3614 1264 3685 ,Ι
1299 3617 1361 3670 353.
1380 3636 1403 3670 v.

221 3689 251 3738 ll.
269 3687 295 3751 3,
313 3687 351 3752 7.Ι
385 3687 445 3739 361.
468 3692 568 3756 macro,
591 3691 635 3740 ubi
657 3690 760 3754 primum
784 3692 845 3738 dare
867 3689 949 3754 aquilo
973 3692 1071 3750 (ventus
1094 3689 1126 3740 ab
1150 3686 1224 3740 Italia
1247 3687 1404 3739 solventibus

221 3757 354 3818 mullus)
372 3754 506 3824 coeperitl
540 3754 599 3808 363.
618 3757 667 3808 Alii
683 3760 723 3808 Ar
733 3773 783 3808 non
796 3760 849 3808 ric:
868 3758 938 3822 quasi
950 3773 996 3807 non
1009 3756 1082 3807 simili
1093 3758 1165 3806 modo
1178 3755 1195 3806 S
1213 3762 1297 3807 artam
1309 3758 1405 3808 venerit

221 3824 307 3885 Paris3
330 3833 356 3876 et
373 3830 403 3876 at
420 3827 543 3892 particula
561 3833 621 3892 apta
639 3826 801 3888 estimatae,
826 3841 952 3876 sarcasmo
976 3831 1001 3875 et
1017 3825 1132 3876 irrisioni.
1151 3853 1185 3861 -
1197 3772 1252 3874 i‘er
1269 3823 1403 3889 Praesens,

219 3897 354 3959 penetrat,
377 3910 419 3944 res
454 3895 573 3945 meter-ita
590 3895 627 3944 ita
644 3896 667 3944 in
685 3895 828 3945 memoriam
847 3901 993 3957 revocatur,
1014 3899 1043 3943 ut
1060 3893 1132 3958 quasi
1150 3908 1212 3943 nunc
1229 3893 1284 3956 ger-i
1301 3893 1405 3960 flerique

222 3959 360 4024 videntne!
447 3999 454 4012 .
471 3962 542 4024 Quid
558 3969 605 4014 tuo
615 3962 703 4030 fider?
721 3963 789 4012 nulla
807 3963 856 4012 iam
868 3959 930 4030 esti
942 4007 951 4018 ,,
963 3958 1023 4012 366.
1042 3977 1193 4026 consenga,
1210 3965 1250 4011 est
1262 3963 1328 4013 enim
1339 3962 1404 4020 filius

222 4028 348 4092 Voniliae,
372 4031 466 4079 sororis
484 4028 614 4093 Amatae!
647 4027 705 4081 367.
733 4029 847 4094 Latinis,
872 4037 901 4081 ut
925 4029 966 4094 11,
982 4026 1038 4080 472
1063 4045 1196 4148 ,ξουοηιιι
1214 4044 1245 4079 ua
1267 4031 1405 4082 adsciverit

221 4097 330 4159 u'rbs'f‘
349 4112 434 4163 nempe
450 4105 479 4147 ut
490 4105 627 4148 consortem
645 4099 748 4164 imperii,
765 4105 791 4148 et
805 4097 835 4150 ci.
849 4093 1072 4165 supravs.25{›—
1092 4094 1130 4162 7.Ι
1164 4095 1182 4148 3
1218 4104 1405 4166 promunt,

222 4166 334 4234 umenti
368 4161 870 4220 372.0t.va.409-4110tv.vs.56.
905 4167 993 4231 Argivi
1010 4181 1090 4230 roges,
1108 4181 1140 4218 ex
1158 4165 1246 4232 quibus
1264 4183 1330 4218 unus
1349 4175 1406 4218 erat

221 4234 341 4297 Acrisius,
357 4239 431 4301 pater
448 4234 553 4297 hunnos,
569 4249 646 4298 genus
664 4235 787 4285 ducebant
804 4235 836 4284 ab
853 4234 951 4287 Inacho.
963 4263 997 4272 -
1012 4235 1114 4286 mediae
1130 4233 1173 4296 M,
1192 4250 1253 4298 ergo
1272 4249 1306 4287 ox
1324 4237 1405 4286 modia

222 4301 277 4370 (aui
299 4303 362 4353 nibil
381 4317 437 4353 oum
451 4301 525 4354 Italia
548 4301 688 4370 commum)
706 4302 824 4366 Argolide
848 4305 937 4370 repetit
958 4301 1059 4354 Turnus
1081 4303 1213 4366 originem
1239 4302 1406 4372 Mycenaeas
