2942 4975
181 286 249 355 270
555 288 590 352 Ρ.
612 286 779 354 triremi
799 288 992 354 MARONIS

272 476 398 541 0biicit
439 476 500 541 Ille
520 473 607 541 tame
627 474 741 539 rabida
762 474 826 539 tria
847 480 979 557 guttura
999 477 1144 558 pandens

271 560 412 644 Corripit
432 560 605 639 obiectam,
626 565 725 641 atque
747 560 886 625 inmania
907 565 1001 643 terga
1022 561 1156 627 resolvit

270 647 374 711 Fusus
395 645 496 724 humi,
518 650 654 727 totoque
675 645 789 727 ingens
813 646 997 710 extenditur
1018 651 1119 711 antro.

272 731 416 813 Occupat
436 732 564 795 Aeneas
586 731 708 795 aditum
732 730 864 795 custode
888 732 1023 813 sepulto,

182 815 249 880 425
270 816 450 897 Evaditque
473 815 559 880 celer
580 815 682 897 ripam
703 814 920 880 inremeabilis
943 817 1056 881 undae.

353 900 512 966 Continuo
535 900 664 967 auditae
685 918 781 965 voces
803 901 930 983 vagitus
953 906 987 965 et
1007 901 1121 985 ingens

270 984 496 1066 Infantumque
518 986 644 1050 animae
666 984 781 1051 flentes
802 986 836 1050 in
857 986 966 1050 limine
988 987 1100 1068 primo,

271 1071 358 1147 Quos
380 1071 483 1135 dulcis
504 1071 589 1135 vitae
612 1070 748 1135 exsertis
772 1074 806 1135 et
827 1071 866 1135 ab
889 1070 989 1135 ubere
1010 1077 1120 1153 raptos

270 1155 415 1221 Abstulit
436 1160 507 1220 atra
528 1155 598 1220 dies
620 1160 653 1221 et
674 1155 788 1221 funere
811 1157 924 1221 mersit
946 1157 1070 1221 acerbo.

182 1241 250 1305 430
271 1240 451 1305 Hos'iuxta
471 1239 553 1305 false
576 1241 718 1305 damnati
741 1240 871 1306 erimine
894 1242 1014 1306 mortis.

270 1325 340 1390 Nec
360 1344 437 1390 vero
454 1325 520 1389 ‘hae
542 1325 611 1391 sine
634 1331 722 1391 sorte
744 1326 852 1405 datae,
875 1326 944 1391 sine
965 1326 1084 1406 iudice,
1106 1327 1213 1393 sedes:

273 1410 443 1487 Quaesitor
464 1410 568 1476 Minos
590 1428 705 1475 urnam
725 1416 848 1490 movet3
869 1411 925 1476 ille
948 1412 1098 1476 silentum

271 1494 510 1578 Consiliumque
532 1500 628 1560 vocat
649 1495 795 1577 vitasque
819 1501 852 1560 et
874 1497 1006 1561 crimina
1028 1497 1130 1562 discit.

271 1580 431 1645 Proxuma
452 1580 569 1645 deinde
592 1585 706 1645 tenent
726 1581 842 1647 maesti
863 1581 949 1660 loca,
971 1582 1025 1663 qui
1048 1582 1109 1646 sibi
1129 1582 1233 1646 letum

183 1666 251 1731 435
271 1666 421 1732 insontes
444 1684 598 1748 peperere
620 1685 717 1729 manu
740 1666 908 1747 lucemque
930 1667 1037 1748 perosi

271 1750 440 1816 Proiecere
463 1750 592 1815 animas.
636 1751 738 1828 Quam
759 1750 881 1815 vellent
903 1752 1035 1816 aethere
1055 1752 1090 1817 in
1111 1752 1178 1816 alto

271 1835 365 1900 Nunc
387 1841 421 1900 et
442 1835 628 1917 pauperiem
649 1840 684 1900 et
705 1836 802 1900 duros
824 1835 969 1918 perterre
991 1837 1131 1903 lahorest

271 1921 334 1985 Fas
356 1922 477 2001 obstat,
498 1921 647 2002 tristique
668 1922 760 2002 palus
782 1920 959 1987 inamabilis
981 1922 1068 1986 unda

136 2056 144 2071 .
271 2005 406 2088 Alligat,
429 2010 463 2070 et
484 2006 617 2070 noviens
640 2005 718 2087 Styx
739 2006 898 2071 interfusa
920 2011 1056 2071 coercet.

62 2162 71 2169 ,
184 2090 251 2155 440
272 2091 341 2155 Nec
361 2092 476 2172 procul
496 2091 571 2155 hinc
593 2096 718 2173 partem
740 2091 803 2156 iusi
825 2096 1046 2157 monstrantur
1066 2092 1101 2157 in
1123 2108 1250 2156 omnem

271 2176 435 2257 Lugentes
458 2176 574 2258 campi3
597 2176 643 2241 sie
663 2176 737 2241 illos
759 2177 887 2242 nomine
910 2178 1028 2242 dicum.

271 2261 346 2341 Hic,
368 2281 449 2343 quos
471 2263 570 2327 durus
592 2280 683 2327 amor
703 2262 827 2327 crudeli
849 2262 924 2327 tabe
946 2261 1081 2344 peredit

272 2345 397 2412 Secreti
419 2348 528 2412 celant
549 2348 647 2412 calles
669 2352 702 2412 et
724 2352 849 2430 myrtea
872 2347 989 2411 circum

272 2431 360 2498 Silva
380 2433 475 2516 tegit,
499 2451 594 2499 curae
616 2451 681 2498 non
703 2433 773 2515 ipsa
795 2432 827 2497 in
849 2436 953 2498 morte
974 2430 1169 2512 relinquunt

183 2516 250 2581 445
271 2517 331 2583 His
352 2519 533 2584 Phaedram
554 2519 760 2600 Procrimque
782 2519 874 2598 lesia,
896 2522 1116 2597 maestamque
1137 2515 1322 2598 Eriphylen,

272 2602 419 2668 Crudelis
442 2605 509 2668 nati
530 2608 764 2668 monstrantem
785 2603 930 2682 volnera,
953 2603 1064 2681 cernit,

272 2688 492 2770 Euadnenqne
515 2692 549 2753 st
569 2689 762 2770 Pasiphaam
783 2689 834 2752 his
855 2688 1030 2753 Laodamia

185 2808 271 2889 tellige
288 2808 428 2888 placentam
445 2807 695 2888 melle-conditam
713 2814 740 2857 et
758 2815 942 2888 soporatam
961 2807 1076 2888 frugibus
1088 2807 1224 2869 medicatis,
1243 2821 1371 2874 papavera

184 2877 275 3010 alti
292 2871 1274 3013 sitm?attha.trasmitbltlffhtthtiietth
1288 2873 1373 3012 iiij:

185 3015 305 3075 Aeneas,
329 3011 383 3062 ioca
402 3016 490 3062 tenent
507 3014 613 3061 animae
629 3011 781 3076 a’qsaatum,
802 3017 949 3078 sequuntur
966 3013 1040 3064 aedes
1052 3011 1131 3077 salac
1148 3014 1258 3062 ammireo
1276 3016 1371 3080 capitis

185 3081 380 3145 damnatorum,
398 3084 455 3130 tum
472 3095 568 3144 eorrern,
586 3083 633 3144 qai
647 3080 722 3132 nulla
734 3081 809 3147 eulpa
829 3082 949 3132 adnar'ssa
967 3086 1073 3132 mertem
1087 3082 1138 3146 ipsi
1148 3082 1199 3130 arbi
1210 3080 1371 3145 attuleruut,

88 3189 91 3192 .
186 3148 278 3199 deinde
295 3164 396 3208 aarum,
414 3151 506 3214 quibus
526 3163 601 3198 amor
618 3164 701 3199 caasa
716 3150 844 3214 pereundi
853 3150 932 3214 scit5
950 3151 977 3198 ia
995 3150 1036 3198 his
1055 3153 1095 3198 ert
1112 3147 1202 3218 lamp
1236 3145 1297 3200 427.
1317 3149 1371 3199 lirin.

182 3232 225 3285 pr.
243 3216 389 3280 Peragratis
407 3217 502 3267 scilieet
519 3217 549 3265 iis
560 3216 631 3280 locis,
650 3231 713 3281 quae
724 3223 799 3266 erant
816 3226 893 3268 ante
911 3217 1063 3269 vestibulum
1072 3220 1122 3280 (vs.
1132 3212 1193 3279 273)
1204 3216 1271 3280 Orci,
1289 3217 1371 3283 ipsum

185 3285 257 3351 quasi
280 3285 432 3336 vestibulum
455 3285 580 3350 limenque
602 3285 742 3348 ingreditur
763 3286 883 3346 Aeneas!
923 3283 983 3336 431.
1007 3288 1063 3336 riae
1086 3301 1108 3336 a.
1132 3285 1157 3336 d.
1180 3301 1202 3334 a.
1226 3283 1295 3349 iud,
1318 3286 1373 3336 sina

184 3354 307 3404 indicibus
331 3354 421 3404 sortito
445 3353 526 3411 datis;
551 3360 657 3403 sumtum
682 3355 742 3417 hoc,
766 3360 794 3405 nt
817 3356 891 3405 etiam
914 3355 1040 3420 proxima,
1063 3353 1159 3416 (istaes.
1179 3354 1216 3404 M.
1235 3369 1261 3403 u.
1286 3357 1374 3404 moesi

184 3421 316 3489 (versat),
334 3436 350 3471 a
367 3422 497 3472 sortitione
513 3421 618 3472 iudicum
636 3421 702 3487 apud
719 3421 859 3485 Romanos,
879 3424 1035 3475 sortiebatur
1051 3422 1241 3488 quaesitor,
1264 3421 1280 3472 i.
1299 3437 1322 3474 a.
1341 3422 1373 3486 is,

185 3491 226 3555 qtn'
248 3491 394 3540 exercendis
417 3490 603 3556 quaestionibus
628 3497 753 3555 praeerat.
775 3519 810 3528 -
833 3492 950 3544 Ceterum
976 3489 1052 3541 Minoi
1070 3492 1115 3540 hoc
1134 3489 1242 3540 innueris
1260 3490 1340 3540 datur
1357 3505 1374 3540 a

184 3565 266 3623 poeta,
283 3566 312 3609 ut
330 3574 400 3609 snam
418 3560 506 3624 cuique
523 3559 621 3608 animae
638 3559 722 3608 sedem
734 3560 800 3625 apud
812 3559 906 3612 inferos
919 3560 1051 3621 attribuat,
1069 3559 1163 3624 impios,
1182 3557 1249 3608 iacto
1262 3559 1374 3622 quodam

184 3626 344 3690 praeiudicio,
361 3629 393 3676 ad
412 3627 627 3678 Rhadamanthum
645 3627 737 3688 minat,
754 3629 795 3692 qni
813 3629 926 3680 sontibus
944 3643 1040 3679 omnem
1061 3628 1158 3692 eulpam
1184 3625 1259 3676 interi
1276 3627 1373 3678 coac&

183 3695 235 3753 (va.
261 3690 312 3744 567
335 3699 399 3760 sqq.)
432 3712 477 3762 pro
502 3697 592 3746 merito
618 3695 739 3760 cuiusque
765 3712 900 3762 poenarum
926 3712 1021 3762 genera
1046 3696 1193 3760 modumque
1219 3693 1374 3764 constituit!

184 3757 237 3812 432
254 3777 291 3826 sq.
309 3763 350 3813 aa
369 3763 445 3814 Cone.
463 3779 498 3826 a,
522 3765 618 3814 animas
642 3764 705 3815 citat
726 3765 759 3814 ad
778 3764 916 3833 indicium}
950 3763 1010 3817 438.
1028 3764 1094 3826 Fas,
1112 3778 1137 3812 v.
1156 3761 1181 3825 2,
1200 3760 1275 3827 7794
1309 3760 1372 3816 439.

184 3828 279 3880 Lucan.
297 3827 323 3893 2,
339 3827 375 3882 50
396 3831 574 3896 „Massageten
597 3832 730 3900 Scythicus
754 3849 801 3883 nen
826 3835 957 3899 adligat
977 3829 1105 3897 isterf‘l
1139 3828 1198 3884 440.
1223 3832 1374 3898 amplissimi

183 3903 243 3947 sunt
261 3897 285 3946 bi
303 3900 390 3964 campi,
407 3901 465 3964 quia
483 3901 548 3951 tales
566 3903 663 3952 animae
674 3909 760 3951 amant
772 3899 953 3982 solitudinem]
986 3898 1046 3952 442.
1063 3902 1111 3952 Sed
1124 3917 1171 3951 non
1184 3900 1252 3950 solos
1265 3901 1374 3952 miserus

184 3969 296 4014 amantes
314 3967 348 4016 ibi
366 3969 480 4031 versari,
499 3970 571 4019 docet
594 3971 636 4035 qni
653 3971 741 4020 deiude
755 3971 868 4035 sequitur
885 3985 1008 4020 nominum
1026 3965 1124 4039 indam}
1158 3966 1217 4020 444.
1236 3973 1265 4020 r'n
1281 3985 1327 4032 ara,
1346 3983 1373 4020 v.

184 4048 224 4083 vs.
242 4031 316 4091 3711
350 4030 411 4084 445.
429 4035 594 4099 Phaedra,
619 4053 685 4089 uxor
703 4037 801 4098 Thesei,
820 4038 892 4090 Ovid.
911 4038 1010 4089 Heroid.
1028 4034 1054 4088 4.
1071 4065 1106 4076 -
1123 4039 1275 4098 Procris,
1295 4037 1373 4088 ovid.

185 4100 287 4152 Metam.
311 4098 336 4167 7,
354 4099 491 4155 idi-862
513 4112 539 4156 et
557 4104 612 4155 Art
630 4107 713 4156 Amat
729 4101 756 4168 3,
773 4103 918 4158 eat-746.
931 4133 965 4144 ·-
977 4105 1142 4173 Eriphyle,
1160 4107 1223 4156 dono
1235 4104 1374 4172 Polynicis,

183 4184 263 4220 aureo
281 4171 372 4233 monili,
390 4177 463 4236 capta
481 4173 608 4237 persuasit
624 4174 785 4238 Amphiarao,
803 4176 894 4225 marito
912 4189 971 4238 sno,
988 4181 1017 4224 nt
1034 4175 1125 4224 bellum
1144 4173 1248 4225 interret
1264 4173 1374 4236 Eteocli,

184 4253 233 4302 que
256 4239 279 4288 in
302 4238 367 4290 bello
389 4238 442 4305 ipsa
466 4240 554 4304 periit;
579 4240 623 4290 illa
645 4242 678 4291 ab
702 4241 851 4293 Alcnraeene
875 4242 924 4293 dlio
946 4243 1050 4293 interam
1069 4242 1117 4310 ta}
1151 4239 1210 4293 447.
1228 4241 1373 4306 Euadne,

121 4326 130 4346 ο
184 4305 296 4373 Capanei
313 4323 387 4372 uxor,
404 4307 506 4358 immisit
523 4324 552 4360 se
569 4309 593 4358 iu
612 4309 739 4361 ardentem
758 4310 868 4374 coniugis
886 4311 925 4362 sui
942 4326 1038 4375 rogum,
1051 4259 1171 4377 impert
1190 4308 1214 4374 1,
1231 4306 1274 4375 15,
1284 4309 1320 4362 21
1332 4326 1373 4376 sq.

349 4736 691 4938 n„
