2942 4975
223 353 287 418 176
596 351 629 413 P.
652 348 817 414 VIRGILI
840 347 1030 412 MARONIS

224 539 290 604 715
312 538 478 618 Religione
500 542 626 618 patrum
650 536 920 600 multosservata
940 551 999 615 per
1021 550 1131 598 annos.

310 615 401 688 Hanc
423 641 462 686 ex
484 623 610 686 diverso
634 623 744 686 sedem
765 621 931 685 veniemus
952 620 985 683 in
1007 637 1112 683 unam.
1299 694 1303 701 ,

313 710 373 786 Tu,
396 707 534 792 genitor,
559 725 636 788 cape
659 725 750 772 sacra
771 725 868 770 manu
889 704 1074 787 patriosque
1096 704 1244 785 Penatis;

249 853 251 857 ,
311 794 376 872 Me,
399 792 483 857 bello
508 811 525 857 e
547 797 638 856 tanto
663 793 841 874 digressum
864 796 898 855 et
920 791 1018 854 caede
1041 790 1174 869 recenti,

311 881 495 944 Attrectare
518 876 622 955 nefas,
646 879 749 942 donec
770 895 821 940 me
843 875 972 940 flumine
994 875 1066 952 vivo

224 965 289 1029 720
311 964 461 1029 Ablueru.
913 980 917 984 ’

311 1049 399 1113 Haec
421 1047 518 1125 fatus,
541 1047 626 1111 latos·
647 1046 797 1112 humeros
820 1045 1027 1126 subiectaque
1050 1046 1133 1111 colla

312 1135 411 1198 Veste
434 1150 530 1214 super
552 1131 693 1214 fulvique
714 1132 876 1196 insternor
897 1130 983 1212 pelle
1005 1131 1116 1211 leonio,

313 1219 521 1298 Succedoque
544 1216 649 1296 oneri3.
670 1217 802 1300 dextrae
824 1233 859 1280 se
881 1231 998 1297 parvus
1019 1216 1109 1281 Iulus

313 1303 464 1385 Inplicuit
485 1303 694 1383 sequiturque
716 1305 843 1384 patrem
864 1320 929 1365 non
951 1300 1097 1383 passibus
1116 1301 1246 1382 aequis3

227 1389 292 1454 725
313 1390 401 1453 Pone
424 1387 510 1452 subit
533 1388 677 1452 coniunx.

739 1471 886 1536 Ferimur
906 1490 965 1553 per
987 1489 1087 1553 opaca
1107 1471 1267 1550 locorum;

314 1559 357 1624 Et
379 1562 560 1640 me,*quem
584 1558 702 1622 dudum
725 1575 790 1622 non
811 1557 879 1622 ulla
898 1557 1017 1621 iniecta
1038 1557 1212 1621 movebant

315 1645 394 1709 Tela
415 1663 520 1726 neque
535 1643 676 1708 adverso
700 1643 868 1724 glomerati
892 1661 931 1706 ex
952 1641 1078 1723 agmine
1101 1642 1198 1722 Graii,

314 1730 407 1795 Nunc
430 1747 540 1793 omnes
561 1732 688 1792 terrent
710 1745 821 1806 aurae,
843 1745 940 1792 sonus
963 1728 1080 1792 excitat
1102 1727 1205 1793 omnis

316 1814 511 1896 Suspensum
535 1818 568 1878 et
590 1813 712 1894 paritor
734 1814 907 1894 comitique
930 1813 1083 1894 onerique
1104 1812 1281 1878 timentem.
1308 1879 1315 1901 -.

229 1900 446 1981 istriamque
468 1899 720 1980 propinquabam
743 1900 858 1980 portis,
881 1915 1072 1979 omnemque
1093 1898 1226 1964 videbar

318 1985 465 2048 Evasisse
487 1984 583 2062 viam,
606 1983 712 2048 subito
736 1999 808 2048 cum
831 1983 943 2048 creber
965 1984 1006 2047 ad
1028 1983 1114 2048 auris

316 2069 410 2134 Visus
433 2069 545 2134 adesse
568 2069 685 2150 pedum
708 2069 845 2148 sonitus,
868 2068 1057 2150 genitorque
1080 2086 1139 2154 per
1160 2069 1305 2133 umbram

316 2154 531 2237 Prospiciens,
554 2155 652 2232 Nate,
676 2155 845 2233 exclamat,
868 2153 956 2234 iuge,
979 2159 1071 2218 nate:
1093 2153 1323 2236 propinquant3

315 2240 468 2304 Ardentis
491 2240 609 2322 clipeos
632 2244 728 2320 atque
752 2257 828 2303 aera
849 2239 1000 2303 micantia
1022 2256 1127 2304 cerno.

230 2325 296 2390 735
317 2326 378 2390 Hic
399 2324 476 2390 mihi
498 2325 605 2390 nescio
628 2325 713 2406 quod
737 2324 863 2406 trepido
885 2324 969 2388 male
990 2343 1110 2389 numen
1132 2323 1270 2389 amicum

318 2410 489 2476 Confusam
513 2411 630 2493 eripuit
652 2415 801 2475 mentem.
844 2410 991 2491 Namque
1013 2411 1084 2474 avia
1106 2427 1203 2474 cursu

317 2498 402 2561 Dum
424 2516 541 2579 sequor
564 2502 597 2561 et
618 2502 696 2561 nota
718 2496 837 2561 excedo
859 2496 991 2576 regione
1013 2496 1144 2576 viarum,

317 2582 402 2646 Heu!
437 2584 554 2647 misero
578 2581 714 2647 coniunx
735 2581 846 2646 fatone
868 2587 981 2662 erepta
1002 2581 1123 2646 Creusa

318 2667 481 2745 Substitit,
505 2668 665 2731 erravitne
687 2667 752 2744 via,
775 2684 832 2731 seu
854 2667 939 2731 lassa
961 2666 1090 2745 resedit,

231 2752 296 2816 740
317 2752 491 2831 Incertum;
514 2770 574 2816 nec
597 2757 670 2833 post
692 2752 792 2815 oculis
816 2756 866 2816 est
886 2751 1015 2816 reddita
1036 2751 1165 2817 nostris.

316 2832 385 2901 Nec
407 2836 495 2917 prius
517 2836 664 2901 amissam
688 2837 816 2918 respexi
837 2837 1016 2901 animumve
1038 2836 1169 2916 reflexi,¹

319 2920 420 2997 Quam
444 2922 600 2985 tumulum
623 2920 774 3002 antiquae
798 2922 923 2987 Cereris
945 2923 1118 3003 sedemque
1140 2926 1299 2987 sacratam

319 3007 486 3086 Venimus;
508 3007 559 3071 lric
583 3008 710 3071 demum
733 3007 877 3073 collectis
900 3008 1046 3072 omnibus
1068 3026 1132 3072 una

231 3208 291 3262 843.
311 3210 402 3261 visun.
422 3210 486 3275 1,1‚
506 3209 560 3279 114
596 3208 654 3261 ur.
673 3226 697 3260 v.
715 3224 754 3260 vs.
767 3206 841 3281 ssoq
875 3208 933 3261 uo.
945 3214 977 3278 fl·
995 3215 1061 3276 aa,
1079 3224 1145 3277 aqua
1169 3207 1322 3278 palleat
1354 3205 1401 3258 ur.
1449 3189 1450 3204 ¹

234 3296 258 3331 v.
277 3278 301 3345 l,
319 3274 377 3329 225.
396 3304 430 3315 -—
447 3281 514 3329 subi.
533 3295 562 3342 a,
580 3280 676 3342 collum,
711 3281 761 3329 uod
780 3280 881 3330 sublicio
899 3281 1037 3346 recipiendo
1055 3281 1131 3331 oncri.
1182 3276 1240 3329 725.
1266 3280 1293 3328 P.
1313 3294 1333 3327 s.
1351 3279 1402 3327 cori.

232 3364 288 3399 oum
306 3348 358 3398 suia
380 3348 523 3409 comitibus,
547 3346 577 3396 cl.
600 3363 638 3397 vs.
662 3345 676 3397 7
714 3343 749 3413 ,ΙΙ
784 3345 927 3398 tat-804.
952 3352 1057 3399 Aeneae
1080 3351 1146 3400 dcam
1164 3349 1247 3414 sugit
1270 3363 1330 3397 eum
1350 3348 1402 3403 cocis,
1449 3377 1451 3386 ι

235 3417 362 3468 Creusam
391 3432 501 3467 umorem
527 3418 628 3467 amittit
654 3419 722 3466 inter
750 3418 953 3482 trepidationem.
1010 3416 1147 3483 Repetunti
1171 3419 1262 3467 urbem
1290 3418 1360 3466 obuia
1374 3413 1404 3479 fil

233 3479 325 3536 uncino
343 3484 457 3537 Creusae
475 3500 582 3550 curruque
604 3486 635 3536 de
658 3487 716 3534 suis
742 3486 877 3551 utriusque
900 3486 977 3535 rebus
1000 3486 1158 3536 consolatur.
1195 3484 1295 3535 Made
1313 3486 1403 3533 Aeneas

234 3556 326 3605 ravan
341 3570 402 3605 soros
414 3568 589 3618 magnamque
600 3552 794 3603 multitudinem
804 3556 873 3604 milet
885 3554 1031 3619 affluxisse
1040 3560 1167 3620 paratam
1179 3552 1277 3604 acuta
1311 3552 1403 3603 Orionis

234 3620 290 3670 luce
307 3622 402 3673 secedit
419 3625 447 3673 in
464 3620 589 3741 montes!
617 3618 674 3673 726.
688 3620 722 3671 ut
734 3622 758 3670 lr.
770 3622 786 3670 l.
799 3622 903 3672 inservit
913 3620 1055 3671 indicandae
1067 3623 1190 3672 minutioni
1202 3636 1234 3671 ex
1247 3622 1404 3687 inexspeetutt

235 3688 272 3738 rei
290 3691 423 3741 mutatione
441 3690 539 3748 natael
590 3687 631 3739 27.
652 3690 708 3740 ndu.
727 3690 807 3755 glom.
823 3707 860 3741 ecc
879 3705 965 3755 apuu,
988 3689 1098 3740 conlecta
1123 3692 1254 3740 multitudo
1278 3704 1312 3739 ex
1336 3684 1404 3737 bosni

234 3756 330 3819 agmine
347 3759 452 3808 collecta
468 3760 499 3808 acl
518 3759 596 3824 iprum
614 3758 799 3827 adoriendum!
833 3756 891 3811 731.
911 3758 953 3808 llo.
967 3762 1048 3808 oium:
1067 3759 1173 3809 videbar
1190 3758 1310 3807 nibilum
1322 3765 1404 3807 omnen

236 3825 302 3873 vium
320 3840 365 3889 per
381 3826 466 3875 urbem
486 3826 591 3877 feliciter
609 3833 634 3876 et
652 3828 703 3877 sine
720 3827 829 3893 periculo
854 3842 980 3889 emensus,
1005 3827 1047 3876 alii
1065 3826 1109 3877 llo.
1128 3827 1232 3893 cirea}
1266 3823 1327 3876 737).
1349 3821 1404 3874 mab

234 3894 360 3952 amicum,
379 3892 516 3963 infestum}
551 3891 610 3945 736.
630 3894 703 3961 Cous)
722 3898 785 3961 erip.
809 3913 857 3958 rra,
876 3895 985 3945 confudit
1001 3894 1175 3961 confusumque
1192 3894 1291 3961 eripuit,
1312 3892 1404 3949 recuro

235 3958 368 4029 (petraei
401 3958 459 4011 737.
478 3965 573 4027 ragio
592 3964 713 4027 significat
737 3970 830 4012 certum
853 3965 972 4027 quendum
996 3970 1104 4013 tractum
1126 3966 1183 4014 viae
1201 3979 1221 4013 s.
1240 3963 1331 4013 lineam
1348 3957 1405 4026 quati
1449 4019 1450 4036 Ι

236 4028 373 4093 quandam,
400 4043 473 4093 quarn
497 4032 609 4094 sequitur
631 4034 685 4095 vin,
710 4033 765 4081 sive
788 4037 880 4080 rectam
904 4032 958 4081 sive
985 4032 1122 4096 obliquam,
1150 4033 1193 4083 dic
1214 4030 1349 4097 Ricbtuag
1369 4028 1404 4077 du

237 4096 277 4149 W
276 4112 350 4161 cg·cs;
370 4097 469 4147 deflecto
487 4098 563 4160 igitur
581 4100 611 4149 de
629 4102 670 4149 via
687 4108 747 4149 nota
765 4115 785 4147 s.
803 4100 879 4161 vulgo
898 4100 970 4163 trita,
994 4116 1036 4149 nec
1054 4116 1129 4165 pergo
1148 4101 1199 4161 irc,
1222 4115 1268 4164 quo
1292 4114 1323 4150 eu
1340 4096 1404 4148 ducit:
1449 4135 1451 4146 .

237 4180 261 4215 v.
280 4163 304 4227 9,
323 4162 381 4216 385.
417 4164 471 4215 Liv.
496 4163 541 4227 21,
559 4163 592 4215 31
616 4174 728 4227 „vectu
754 4167 887 4232 regione
909 4169 1122 4233 iteriustitnit.“l
1157 4165 1207 4219 738
1223 4184 1260 4233 sq.
1278 4165 1405 4217 obscuritas
1449 4163 1450 4234 l

236 4250 269 4285 ex
288 4235 408 4284 brevitate
425 4234 494 4283 latini
511 4235 642 4296 sermonis3
666 4235 813 4299 explicatius
830 4236 878 4284 sic:
904 4235 954 4285 lato
972 4243 1011 4286 est
1028 4243 1128 4303 erepta,
1152 4238 1205 4287 sive
1223 4236 1347 4296 substitit,
1363 4234 1406 4282 stu
1449 4285 1450 4296 ,

236 4303 332 4353 erravit
352 4303 395 4352 via
417 4307 464 4352 cet.
499 4301 613 4352 Servius:
637 4302 727 4366 „Ordo
746 4310 800 4354 est:
822 4303 874 4353 lato
896 4311 981 4370 crepta
1000 4304 1094 4355 Creusa
1116 4303 1405 4368 submurmurantis
1449 4307 1450 4356 l

237 4372 287 4423 viu.
323 4370 378 4423 Non
396 4372 457 4422 enim
475 4370 574 4421 dubitat
591 4370 642 4421 into
666 4386 722 4422 esse
746 4372 884 4434 sublatum,
908 4371 939 4422 cl.
962 4388 1000 4423 va.
1020 4370 1069 4423 777
1088 4376 1142 4439 sq.“
1165 4396 1200 4411 -·-
1223 4375 1321 4423 misero
1336 4362 1406 4433 miti!
1449 4365 1450 4422 l

1449 4585 1450 4640 l

1449 4643 1450 4706 l

1441 4895 1451 4965 l
