2942 4975
472 358 723 425 GEORGICON
750 359 830 425 LIB.
852 360 876 424 L

113 549 154 612 60
173 547 329 613 Continuo
352 547 409 611 has
431 546 521 628 leges
543 551 740 631 aeternaque
762 546 894 612 foedera
915 549 1012 613 certis

171 632 316 715 Inposuit
337 636 454 697 natura
474 632 568 711 locis,
590 650 653 714 quo
676 638 822 714 tempore
844 634 982 714 primum

171 718 347 783 Deucalion
369 736 506 782 nocuum
528 717 651 799 lapides
673 718 804 783 iactavit
825 718 859 781 in
879 718 998 798 orbem,

170 804 264 869 Unde
285 803 431 868 homines
453 803 535 881 nati,
557 804 673 868 durum
696 821 805 884 genus.
850 803 937 885 Ergo
959 822 1033 886 age,
1055 809 1163 870 terme

169 890 292 970 Pingue
314 889 418 953 solum
440 888 549 969 primis
573 888 733 970 extemplo
756 909 776 953 a
797 889 959 954 mensibus
981 891 1057 954 anni

112 974 284 1039 cobortes
306 974 471 1039 invertant
492 975 589 1053 tauri,
612 974 806 1055 glaebasque
827 974 961 1039 iacentis

169 1060 401 1125 Pulverulenta
423 1064 540 1141 coquat
561 1060 695 1123 maturis
717 1060 838 1125 solibus
859 1064 977 1138 cesus

169 1146 212 1209 At
234 1145 263 1209 si
284 1164 349 1209 non
371 1144 470 1209 fuerit
491 1144 589 1209 tellus
610 1142 761 1224 fecunde,
782 1145 841 1210 sub
863 1146 968 1227 ipsum

170 1232 344 1295 Arcturum
366 1230 456 1294 temni
477 1234 528 1294 sat
550 1230 612 1294 erit
634 1231 830 1311 suspendere
852 1231 955 1294 sulco:

170 1315 254 1394 Illic,
277 1314 421 1381 officient
442 1314 536 1379 laetis
559 1334 600 1379 ne
623 1313 768 1397 frugibus
789 1316 918 1393 herbae,

115 1400 151 1465 70
171 1402 244 1480 llic,
267 1400 411 1466 sterilem
434 1401 566 1481 exiguus
588 1418 629 1465 ne
652 1401 781 1465 deserat
802 1402 916 1466 humor
938 1419 1076 1465 arenam.

86 1554 90 1567 ⁴
259 1486 404 1551 Alternis
425 1486 510 1549 idem
533 1490 643 1550 tonsos
666 1504 792 1551 cessere
814 1486 946 1551 novales

170 1572 212 1636 Et
233 1590 367 1653 segnem
388 1572 512 1652 patiere
534 1571 599 1635 situ
620 1572 792 1637 durescere
815 1590 977 1653 campum3

171 1658 236 1721 Aut
257 1657 302 1721 ibi
324 1656 406 1721 deve
427 1674 515 1721 seres
538 1661 661 1721 mutato
684 1657 789 1721 sidere
814 1656 909 1735 iurru,

170 1742 264 1809 Unde
284 1742 374 1825 prius
396 1742 517 1806 laetum
539 1742 655 1823 siliqua
676 1747 848 1823 quassante
869 1742 1020 1824 legumen

116 1826 151 1891 ib
170 1829 235 1892 Aut
257 1827 364 1893 tenuis
386 1826 472 1891 ictus
493 1827 594 1893 viciae
617 1828 783 1909 tristisque
808 1828 910 1909 lupini

171 1912 347 1978 Sustuleris
368 1910 491 1993 fragilis
514 1912 652 1977 calamos
675 1913 851 1995 silvamque
873 1916 1049 1977 sonantem.

170 1999 243 2065 Urit
267 1998 351 2063 enim
373 1997 430 2062 lini
453 2016 599 2079 campum
621 2016 727 2079 seges,
750 1999 816 2063 urit
836 2016 964 2076 avenae,

170 2084 279 2151 Urunt
300 2084 442 2149 Lethaeo
465 2082 595 2164 perfuso
615 2100 776 2165 papavera
797 2102 924 2148 somno:

172 2169 236 2235 Sed
258 2174 368 2234 tamen
389 2168 522 2233 alternis
544 2167 646 2233 facilis
667 2168 772 2248 labor3
795 2170 885 2233 mida
905 2173 1032 2233 tuntum

115 2256 154 2319 80
172 2256 221 2321 Ne
243 2260 391 2320 saturare
412 2252 486 2318 fimo
508 2254 620 2335 pingui
641 2255 763 2335 pudent
784 2254 852 2318 sola
873 2272 954 2320 neve

170 2340 294 2406 Effetos
317 2341 457 2404 cinerem
478 2339 667 2404 inmundum
688 2339 809 2404 iactare
830 2358 889 2421 per
909 2356 1013 2420 agros,

170 2426 222 2492 Sic
245 2444 372 2509 quoque
394 2424 527 2490 mutatis
548 2424 755 2507 requiescunt
777 2424 896 2490 fetibus
917 2441 1001 2503 arva,

169 2513 238 2578 Nec
261 2512 349 2576 nullu
370 2513 495 2576 interce
518 2517 567 2576 est
588 2512 733 2575 inaratae
754 2511 858 2592 gratia
879 2514 994 2574 terrae.

170 2599 274 2680 Saepe
297 2597 394 2662 etiem
416 2596 535 2662 sterilis
557 2596 730 2661 incendere
752 2595 874 2677 proiuit
895 2613 989 2677 agros

112 2684 150 2748 85
170 2687 278 2765 Atque
301 2683 406 2748 levem
428 2681 579 2766 stipulam
601 2682 832 2764 crepitantibus
854 2699 949 2747 urere
970 2679 1119 2744 fiammis:

91 2891 222 2940 venandum
239 2889 411 2951 habebantur,
437 2889 472 2938 itu
495 2901 573 2952 cquae
597 2887 746 2952 perniciores
763 2887 796 2936 ed
814 2878 985 2954 currendum}
1018 2881 1130 2937 60-63.
1149 2883 1268 2936 Continuo

90 2973 108 3008 e.
131 2959 216 3008 stetim
239 2973 256 3006 u
280 2971 363 3006 rerum
390 2958 551 3007 humanarum
577 2955 694 3021 principio
721 2955 758 3004 ite
783 2955 910 3005 diversum
933 2969 990 3004 esse
1012 2954 1123 3004 locorum
1146 2952 1269 3017 ingenium

90 3035 174 3078 nutum
191 3026 284 3088 voluit3
303 3023 334 3074 ci.
351 3024 381 3075 ll.
399 3022 423 3086 6,
440 3023 481 3076 41.
499 3051 533 3062 -
545 3023 661 3089 foedera
679 3030 740 3074 cet:
763 3024 834 3089 quusi
852 3021 951 3073 foedere
968 3021 1035 3073 iectu
1052 3028 1151 3072 tenetm
1167 3023 1270 3087 quisque

90 3096 154 3146 locus
171 3095 249 3145 certic
267 3093 449 3144 condicionibus
468 3107 483 3142 a
500 3099 592 3142 nature
607 3084 753 3162 impositis}
787 3088 829 3143 63.
846 3091 920 3142 Redit
936 3097 1010 3157 poeta
1027 3091 1060 3141 ed
1076 3104 1130 3140 vm,
1147 3087 1182 3142 43
1200 3086 1269 3159 sqq}

90 3161 126 3215 64.
142 3166 221 3230 prum.
240 3177 259 3213 α
275 3179 358 3213 neone
377 3177 411 3224 α,
428 3163 461 3223 id,
479 3162 544 3226 qnod
563 3175 639 3228 supra
656 3175 695 3211 vs.
707 3157 743 3211 43
760 3160 912 3224 Verenooo,
930 3167 956 3211 et
967 3175 992 3210 ν.
1003 3157 1030 3221 3,
1041 3152 1118 3228 304.Ι
1151 3155 1194 3208 66.
1210 3175 1270 3208 me-

90 3236 142 3284 teri
157 3233 234 3296 soler,
252 3232 324 3296 qneei
342 3231 429 3293 adulti,
446 3223 629 3297 ἀκμάζοντες,
647 3230 664 3278 i.
677 3245 698 3279 c.
717 3229 788 3278 calor
805 3228 865 3278 solis
883 3222 1104 3298 ferventissimus}
1136 3224 1179 3276 67.
1192 3226 1269 3277 tellus

89 3317 132 3352 non
150 3300 288 3366 fecunda,
314 3299 394 3350 solum
421 3313 564 3361 arenosum,
589 3313 636 3347 non
663 3291 775 3367 pingue}
809 3293 851 3348 68.
876 3298 999 3347 Arcturus
1025 3295 1103 3347 Nonis
1130 3293 1267 3360 Septembr.

89 3370 205 3420 exuritur.
224 3396 256 3406 -
275 3369 440 3434 suspendere,
459 3373 546 3416 uretro
564 3381 691 3433 suspenso,
710 3381 757 3415 non
776 3366 827 3416 alte
844 3365 969 3432 depresso,
990 3372 1086 3416 terrem
1102 3364 1192 3414 leuiter
1209 3378 1268 3428 pro-

87 3430 220 3507 scindere}
255 3433 297 3488 69.
316 3437 379 3499 Illic,
397 3435 420 3485 in
438 3436 523 3502 pingui
540 3435 606 3496 eolo;
625 3433 655 3484 ci.
674 3431 698 3497 2,
711 3432 787 3503 2514
821 3431 862 3484 70.
880 3435 936 3492 Hie,
955 3435 979 3484 in
997 3433 1087 3493 εἰει-717,
1106 3447 1137 3481 nc
1153 3431 1268 3494 exiguus,

88 3508 124 3571 qni
141 3513 181 3556 est
198 3506 222 3556 in
240 3506 287 3556 teli
309 3506 375 3568 solo,
401 3505 488 3554 bnmcr
510 3498 677 3571 exsiccetur]
721 3500 762 3552 71.
780 3512 883 3564 toruae,
911 3503 1050 3563 demessas,
1072 3499 1187 3561 novales,
1211 3499 1227 3549 i.
1246 3515 1269 3550 e.

86 3589 179 3694 till
199 3567 1270 3693 ‘¹ltttffltl”lllittdlilldlllddt'Uibidium

88 3681 188 3774 remssi
206 3711 291 3762 ruric
317 3679 470 3760 ”otientur
488 3677 731 3776 spetie,⁷eppellat
747 3707 809 3758 Plin.
827 3706 859 3758 N.
878 3707 907 3757 Η.
926 3702 967 3770 18,
979 3703 1022 3770 21,
1035 3701 1109 3775 1874
1143 3701 1186 3756 73.
1203 3710 1268 3755 mut.

88 3783 182 3844 sidere,
207 3795 233 3829 v.
252 3795 291 3831 vu.
309 3727 338 3843 7,
363 3778 625 3839 dimunitionem,
649 3774 791 3845 autumno}
827 3774 868 3828 74.
883 3777 975 3843 prius,
1000 3789 1077 3824 verno
1094 3781 1212 3839 tempore.
1235 3799 1271 3810 -

88 3853 240 3912 maante,
265 3863 329 3914 quae
352 3853 420 3897 motu
437 3793 568 3914 crepitet?
603 3840 644 3896 75.
663 3847 763 3907 tristis,
786 3844 880 3907 umeri,
903 3842 935 3894 el.
953 3841 978 3907 2,
996 3839 1072 3914 2474
1106 3840 1149 3892 76.
1166 3843 1269 3901 eduam,

91 3917 185 3968 densum
204 3916 358 3968 calamorum
376 3915 563 3977 multitud-inem,
582 3921 610 3964 ut
627 3910 738 3964 vs.152.
756 3941 791 3952 -
808 3917 953 3971 mauron,
970 3918 1058 3978 utpote
1074 3905 1194 3975 eddam!
1229 3907 1269 3960 77.

90 3989 179 4036 enirn:
198 3984 307 4035 Prodest
318 3985 443 4036 alternare
455 3989 575 4047 segetem
594 3998 665 4034 nunc
682 3998 712 4032 ne
723 3983 799 4032 linum
811 3981 916 4046 quidem,
934 3981 956 4031 si
971 3980 1075 4030 alternis
1087 3980 1156 4029 annis
1169 3979 1268 4040 seritur,

90 4057 130 4104 etsi
146 4053 201 4104 urit
219 4068 235 4104 u
255 4067 317 4116 rum,
335 4053 405 4104 nimis
422 4065 478 4102 eum
491 4052 631 4114 cmuoiubit,
649 4052 721 4100 modo
741 4050 860 4100 adhibens
878 4050 1090 4100 stercorationem.
1134 4044 1176 4097 78.
1195 4045 1226 4097 ci.
1238 4046 1269 4096 Α.

90 4118 110 4183 4,
120 4117 205 4242 ml·
230 4069 275 4172 79.
295 4123 398 4185 citerna,
416 4135 494 4185 neque
512 4120 596 4170 cedem
616 4134 720 4186 semper,
739 4119 844 4168 serendo
862 4116 942 4167 foedis
960 4118 1034 4168 labor
1049 4117 1094 4169 rod
1111 4123 1168 4166 etuu·
1182 4111 1269 4182 agro}

89 4186 125 4242 66.
144 4191 203 4243 Ne·
222 4191 325 4254 iungere
345 4187 498 4252 dicomulta,
522 4189 539 4238 i.
558 4203 579 4238 e.
598 4187 693 4252 eliqna3
720 4188 764 4237 scd
783 4185 837 4238 Nec
855 4193 930 4250 negat
946 4192 1026 4238 totum
1044 4187 1106 4236 banc
1123 4184 1270 4235 sententiam

90 4261 173 4321 ‚putta
193 4263 236 4310 ert
253 4261 271 4308 i.
288 4273 315 4323 g.
334 4257 447 4308 terruc‚“
482 4257 581 4322 Atque
599 4255 642 4306 sie
659 4273 712 4306 non
738 4256 792 4318 liet,
816 4255 930 4305 utnulla
947 4255 1053 4319 sitegri
1070 4254 1154 4318 gretia
1171 4251 1270 4318 (nullus

90 4327 205 4396 innotus),
225 4340 290 4392 quac
307 4341 366 4378 sane
383 4334 422 4378 est
438 4326 515 4386 nullu,
533 4325 556 4377 ui
573 4326 686 4376 inuretur
703 4325 737 4374 sit
754 4339 815 4388 eger
832 4324 886 4374 sive
904 4330 996 4385 cessem
1014 4329 1101 4372 eontra
1113 4337 1160 4371 non
1172 4335 1202 4369 cn

90 4393 179 4462 innota,
199 4397 223 4447 ei
243 4409 312 4448 seres
330 4389 452 4467 alterum}
484 4391 526 4444 84.
544 4393 647 4444 steriles
665 4407 761 4459 ugron,
785 4391 853 4442 effeti
870 4393 926 4456 agri
943 4391 1072 4458 stipulum
1095 4405 1121 4440 v.
1138 4403 1178 4438 vs.
1246 4385 1270 4455 ,Ι
