2942 4975
501 266 896 335 serumserum
1226 272 1289 337 eor
1356 240 1360 253 '

193 452 289 519 Mens
310 452 414 535 agitet
434 452 553 519 molem
574 458 609 519 et
629 473 745 537 magno
768 474 803 521 se
826 474 959 539 corpore
981 459 1103 525 miscet

193 538 275 603 Inde
294 537 460 604 hominum
479 539 702 622 pecudumque
724 558 826 623 genus
847 542 996 625 vitaeque
1019 544 1183 611 volantum

192 624 239 688 Et
260 642 342 705 quae
363 642 543 689 marmoreo
563 623 630 689 lert
650 631 795 691 monstra
815 627 874 692 sub
896 645 1036 709 aequore
1057 636 1184 712 pontus.

107 708 173 775 730
193 708 313 790 Ignem
335 713 385 773 est
406 708 479 775 ollis
500 709 591 791 vigor
612 714 647 776 et
668 710 818 777 coelestis
842 713 931 794 origo

194 793 391 873 Seminibus,
412 800 568 876 quantum
589 814 654 861 non
676 796 772 861 noxia
794 815 928 879 corpora
949 800 1080 867 tardant

194 879 394 961 Terrenique
414 879 570 945 hebetant
591 886 681 947 artus
702 880 954 965 moribundaque
976 885 1128 951 membra

193 964 279 1029 Hinc
299 969 451 1030 metuunt
472 964 677 1047 cupiuntque,
700 966 813 1032 dolent
834 968 1047 1050 gaudentque,
1069 989 1290 1053 nequeamus
1400 999 1404 1008 ·

193 1048 377 1131 Dbpiciunt
397 1050 525 1116 clausae
546 1051 688 1117 tenebris
710 1058 744 1117 et
767 1071 895 1117 concere
918 1072 1022 1121 cacco.

108 1133 173 1203 735
194 1134 280 1211 Qun
300 1140 336 1200 et
356 1152 505 1218 supremo
528 1154 599 1201 cum
620 1136 741 1202 lumine
763 1138 830 1203 vite
851 1138 990 1221 reliquit,

83 1220 91 1231 '
193 1219 399 1285 Nontamen
421 1238 516 1285 omne
537 1221 656 1287 melum
679 1222 804 1288 miseris
826 1241 885 1288 nec
907 1222 1051 1291 funditus
1074 1242 1185 1293 omnes

195 1304 376 1387 Corporeee
399 1306 558 1371 excedunt
578 1314 700 1389 pestes,
722 1308 914 1390 penitusque
936 1328 1067 1377 necesse
1091 1317 1141 1377 est

194 1390 299 1455 Multa
321 1390 375 1455 diu
398 1396 549 1457 concreta
570 1392 673 1457 modis
694 1393 872 1459 inolescere
894 1395 991 1460 urhis.

193 1474 281 1557 Ergo
304 1482 495 1542 exercentur
514 1477 640 1559 poenis,
661 1483 871 1560 veterumque
892 1479 1048 1547 malorum

107 1559 174 1625 740
196 1559 357 1643 Supplicia
376 1561 575 1644 expendunt:
597 1562 680 1627 aliae
700 1564 886 1645 penduntur
907 1564 1010 1631 inanis

56 1670 60 1673 ·
195 1643 376 1727 Suspensae
398 1647 439 1711 ad
460 1652 587 1727 ventos,
609 1647 680 1713 eliis
701 1649 761 1715 sub
784 1651 910 1732 gurgite
932 1656 1023 1717 vasto

194 1729 354 1796 Insertum
376 1732 496 1797 eluitur
517 1732 637 1810 scelus,
659 1739 715 1799 aut
738 1735 881 1801 exuritur
902 1735 977 1817 igni.

195 1815 338 1899 Quisque
357 1834 433 1883 suos
454 1817 594 1899 petimur
615 1818 732 1896 Manis;
755 1820 870 1887 exinde
892 1838 950 1903 per
971 1821 1112 1904 emplum

194 1901 355 1967 Mittimur
374 1902 532 1985 Elysium,
556 1908 590 1968 et
610 1905 705 1985 pauci
724 1904 813 1971 laeta
833 1925 910 1971 arva
931 1911 1086 1986 tenemus,

109 1986 174 2052 745
195 1986 309 2053 Donec
329 1987 426 2069 longa
447 1988 531 2066 dies,
555 1988 700 2069 perlecto
722 1992 875 2073 temporis
897 1991 983 2071 orbe,

195 2071 386 2138 concretam
408 2073 529 2139 exemit
549 2073 668 2153 labem,
689 2094 869 2157 purumque
891 2076 1044 2157 relinquit

193 2157 382 2223 Aetherium
403 2176 534 2225 sensum
555 2164 653 2240 etque
675 2161 765 2225 aurai
787 2160 938 2243 simplicis
959 2161 1075 2243 ignem.

107 2371 210 2500 rtur
227 2376 452 2514 “truttt
466 2378 755 2501 uteremur
768 2372 1053 2503 deterreret
1068 2389 1098 2517 u
1111 2382 1291 2503 tecue
1353 2452 1360 2482 2

108 2517 200 2567 dicitur
223 2532 264 2567 res
285 2524 312 2568 et
329 2465 371 2568 201
392 2525 418 2569 et
441 2487 477 2581 r’e,
500 2517 532 2569 ei.
556 2517 597 2578 12,
632 2518 639 2534 “
668 2558 674 2569 .
724 2517 783 2570 728.
807 2521 872 2572 Iade
893 2489 963 2570 ’tritae
977 2490 1091 2572 ’omnium
1108 2517 1290 2589 animantium}

108 2582 170 2636 729.
187 2601 295 2650 marro,
311 2585 344 2636 cl.
362 2587 433 2637 Hom.
446 2585 474 2636 ll.
488 2583 530 2650 14,
541 2581 636 2706 27346
650 2585 708 2641 730.
726 2588 793 2654 Igu,
811 2589 868 2654 quia
886 2589 941 2654 ipsu
953 2589 996 2640 illa
1009 2589 1089 2640 anima
1102 2589 1184 2639 mundi
1203 2590 1290 2652 igneae

108 2670 130 2704 s.
150 2654 275 2704 aetheriae
291 2661 331 2706 est
349 2660 467 2714 naturae,
485 2670 510 2706 ν.
527 2670 566 2706 νε.
585 2652 600 2706 7
638 2654 658 2726 ,Ι
693 2654 752 2708 731.
769 2655 850 2717 Serri„
874 2657 1039 2708 animantibus
1057 2673 1089 2708 ex
1107 2656 1188 2708 auimo
1206 2658 1289 2708 nrundi

107 2722 187 2772 vitoni
203 2719 382 2791 trahentibus}
417 2719 468 2774 733
485 2739 539 2789 sqq.
558 2724 588 2774 lii
605 2732 660 2774 sunt
679 2725 716 2775 illi
739 2715 795 2790 πρὸ
818 2723 865 2787 τῆς
888 2723 982 2791 ψυχῆς
1001 2723 1048 2788 τῆς
1066 2717 1159 2777 αὐτῶν
1178 2719 1292 2792 ὀφθαλ-

134 2783 183 2846 οὺς
200 2792 247 2840 καὶ
264 2783 321 2841 ὦτα
339 2793 385 2841 καὶ
404 2785 472 2843 dicu
494 2787 527 2842 rb
551 2789 634 2860 σῶμα
657 2793 925 2862 προκεκαλυμμένοι
948 2794 1013 2860 apud
1032 2793 1097 2845 Plat.
1116 2792 1193 2858 Gorg.
1210 2811 1231 2844 s.
1250 2789 1291 2845 79.

107 2807 312 2923 ἔκωιῑιςίοιιο
328 2861 439 2928 corporis
457 2861 570 2912 nascitur
586 2861 664 2912 omnis
683 2863 839 2928 perturbatio
858 2863 946 2926 animi,
968 2863 1094 2928 omnisque
1111 2877 1183 2913 error
1194 2863 1291 2913 ruentis.

109 2955 142 2964 -
161 2942 261 2991 aoros,
280 2929 374 2992 lucem,
391 2945 416 2978 ν.
435 2926 460 2990 1,
476 2925 537 2980 546.
553 2957 589 2966 -
606 2929 725 2992 clausae,
750 2938 834 2997 repete
856 2934 964 2981 απὶπιαο
986 2945 1020 2982 ex
1037 2946 1076 2982 vs.
1095 2928 1158 2993 72ος
1178 2931 1292 2982 similiter

107 2991 134 3060 8,
151 2991 204 3046 270
220 2997 351 3047 revocabis
367 2997 510 3049 Subiectum
527 3013 542 3047 e
558 3012 597 3047 vs.
614 2996 675 3060 258,
691 3006 717 3048 et
738 3014 776 3049 vs.
794 2995 846 3049 558
863 3017 877 3049 e
894 3015 933 3049 vs.
951 2995 1012 3062 515,
1029 2997 1054 3060 9,
1076 2995 1128 3050 580
1145 3016 1159 3050 e
1177 3013 1214 3049 vs.
1231 2996 1292 3060 578,

107 3079 149 3114 vs.
172 3060 224 3116 733
250 3081 265 3114 e
293 3081 332 3115 vs.
360 3062 411 3118 728
435 3073 461 3116 et
488 3080 526 3116 va.
552 3061 604 3117 749
631 3083 645 3116 e
672 3082 711 3117 vs.
733 3063 793 3130 740,
816 3064 840 3130 7,
864 3064 916 3118 243
938 3083 952 3116 e
977 3082 1015 3117 vs.
1034 3064 1111 3131 2211
1156 3063 1215 3119 740.
1241 3067 1291 3118 Pro

109 3134 208 3184 rohone
231 3140 388 3199 pwcatorunr
417 3134 472 3184 aliis
499 3133 591 3194 lenius,
618 3135 675 3186 aliis
701 3135 784 3186 aerius
810 3135 943 3186 adhibetur
968 3151 1044 3199 genus
1068 3135 1230 3202 purgationis.
1258 3162 1292 3172 -

107 3204 214 3262 inm,
237 3218 263 3251 ν.
281 3199 355 3264 (1.4,
373 3198 444 3269 1901
480 3199 538 3253 742.
562 3202 616 3269 qu.
633 3219 668 3253 rc.
694 3204 765 3256 labes
787 3204 903 3266 sceleris,
928 3204 978 3254 Cic.
1003 3205 1034 3254 ad
1052 3207 1105 3254 Act.
1124 3204 1149 3263 1,
1170 3200 1202 3254 13
1219 3204 1291 3266 „boo

108 3269 176 3334 quod
193 3268 347 3320 iniectum
364 3271 461 3333 eat,“i.
479 3271 588 3322 clabes
604 3272 727 3338 adspersa
745 3272 920 3341 reipublicae}
954 3269 1012 3323 743.
1038 3273 1150 3333 „Mones
1173 3272 1292 3338 supplicia

107 3339 176 3404 apud
192 3337 305 3400 limos,“
321 3339 439 3400 Servios3
463 3338 576 3403 „Poenos
599 3339 749 3390 infernales“
767 3340 913 3392 scholiastes
930 3341 1005 3402 Statii
1023 3339 1100 3390 Theb.
1117 3337 1142 3402 8,
1156 3337 1198 3392 84.
1217 3338 1292 3390 Diffe—

107 3413 168 3456 root
185 3407 248 3458 inter
265 3422 307 3469 se,
324 3408 373 3458 etsi
389 3422 463 3473 saepe
479 3424 528 3458 non
545 3408 739 3471 distinguuntur,
756 3408 879 3458 vocabulo
896 3424 987 3459 πιαππ
1005 3416 1030 3458 et
1046 3410 1163 3468 crebrae,
1184 3407 1209 3457 id
1227 3408 1292 3472 quod

106 3490 165 3525 cam
182 3475 281 3526 aliunde
297 3475 469 3539 cognoscitur,
490 3483 542 3526 tum
559 3491 592 3526 ex
610 3476 684 3527 Ouid.
702 3475 781 3527 Trist.
798 3475 824 3539 5,
842 3474 884 3540 14,
902 3473 936 3526 12
959 3475 1018 3540 „Nil
1042 3475 1105 3526 leret
1127 3476 1158 3524 ud
1182 3489 1291 3526 munes

107 3544 195 3596 divitis
212 3545 320 3594 umbra
339 3548 439 3594 suos.“
474 3542 547 3608 Quod
569 3545 593 3594 io
612 3545 670 3596 vivo
689 3545 785 3595 homine
802 3561 893 3610 eorpus
912 3551 964 3607 est,
987 3545 1012 3594 id
1036 3545 1059 3594 in
1081 3550 1178 3594 mortuo
1196 3544 1292 3604 umbra,

108 3613 176 3676 quod
192 3611 299 3675 anim,
315 3627 412 3675 manem
436 3627 527 3678 poenas
544 3613 622 3664 sentit
638 3614 741 3674 nubra3
767 3613 884 3680 quidquid
902 3620 986 3666 eutem
1003 3613 1177 3677 delinquimus,
1195 3614 1292 3664 animus

106 3687 151 3730 cst
166 3695 257 3743 censu
280 3681 366 3746 itaque
386 3695 479 3732 maner
495 3696 557 3732 ruer
572 3682 644 3747 pati,
669 3681 864 3747 quandoquidem
890 3682 974 3745 agitur
998 3683 1028 3731 de
1051 3681 1192 3746 suppliciis,
1216 3682 1292 3732 inter-

107 3749 277 3814 pretabimur:
300 3765 390 3815 poenus
414 3749 541 3800 libidinum
564 3757 640 3814 atque
663 3750 742 3800 omnis
767 3750 902 3816 pravitatis
919 3765 980 3799 suae
997 3750 1057 3816 pati.
1074 3775 1109 3786 -
1124 3764 1173 3815 per
1191 3749 1221 3799 de
1238 3750 1292 3800 loco

108 3817 192 3883 amplo
209 3818 243 3868 ad
261 3815 468 3884 peragrandum!
500 3814 559 3869 744.
573 3821 689 3885 pauci,
709 3819 768 3883 quia
784 3817 895 3884 plerique
913 3818 948 3869 its
967 3825 1025 3868 sont
1037 3817 1104 3868 vitiis
1116 3817 1207 3882 inlecti,
1224 3819 1293 3870 nulla

107 3892 137 3936 nt
154 3901 198 3937 eos
215 3886 331 3951 purgatio
348 3886 457 3937 liberere
474 3885 506 3939 ab
525 3887 575 3938 illis
593 3887 679 3952 possit.
714 3887 795 3937 Aliter
812 3887 915 3936 Servius
932 3889 1040 3954 ‚dauon
1063 3887 1105 3951 qui
1127 3887 1190 3937 euim
1214 3888 1293 3938 minus

107 3962 261 4020 purgentur,
283 3955 370 4004 statim
392 3955 497 4006 redeunt
518 3956 551 4005 ad
573 3957 712 4022 corpora;“
735 3963 762 4006 et
784 3954 858 4021 paulo
882 3961 952 4020 post;
976 3969 1057 4021 „quae
1082 3953 1205 4022 (animae)
1229 3956 1294 4006 male

106 4023 236 4086 vixerunt,
252 4023 337 4074 statim
355 4025 467 4087 redeunt,
485 4039 549 4090 quae
566 4024 662 4085 melius,
680 4024 808 4086 tardius;“
825 4023 894 4073 cirins
912 4024 1039 4084 doctrinae
1055 4023 1149 4074 nullum
1167 4030 1207 4074 est
1216 4025 1294 4074 vesti-

107 4091 177 4156 qiunr
198 4093 267 4157 apnd
288 4089 442 4155 Virgilium!
478 4089 537 4144 745.
558 4093 628 4158 per-J⁸
652 4098 728 4160 terrrp.
751 4095 822 4154 urhe,
845 4091 912 4143 millo
935 4093 1005 4142 annis
1027 4108 1066 4142 vs.
1091 4087 1149 4143 748.
1168 4117 1203 4128 -
1225 4091 1293 4153 nepo

107 4159 218 4209 nondum
235 4160 303 4210 linita
321 4169 361 4212 est
377 4161 456 4211 omnis
475 4162 605 4227 purgatio,
627 4177 682 4211 cnm
706 4163 803 4212 animae
825 4161 919 4212 intrant
936 4160 1064 4229 Elysium
1088 4161 1156 4226 ipsa,
1179 4174 1243 4224 quac
1260 4159 1295 4208 ibi

107 4233 157 4288 eet,
174 4227 207 4277 oi.
220 4244 258 4278 vs.
270 4225 330 4290 640,
346 4229 432 4295 purior
443 4243 506 4280 aura
519 4236 626 4296 poterat,
637 4230 755 4295 quidquid
768 4235 899 4296 supererat
909 4229 982 4292 labis,
995 4229 1115 4295 paulatim
1125 4224 1294 4294 abstergere}

109 4293 170 4348 747.
187 4311 252 4348 our.
270 4313 293 4346 s.
310 4299 338 4363 1.,
355 4296 388 4349 cl.
406 4297 456 4348 cte
475 4297 550 4350 Tusa.
569 4298 593 4362 l,
606 4296 640 4350 18
658 4298 779 4361 „calidior
795 4305 834 4348 est
852 4298 892 4348 vel
908 4298 990 4363 potius
1007 4296 1172 4346 ardentior
1189 4294 1295 4359 animus,

1375 4427 1456 4453 ,ad-.—
