2942 4975
219 341 283 407 248
322 382 330 395 ·
592 340 627 404 P.
648 339 813 406 VIRGILI
834 337 1024 406 MARONIS

305 528 483 594 Hectoreos
506 527 620 606 amnis,
643 527 807 592 Xanthum
829 532 863 591 et
885 525 1062 604 Simoenta,
1083 526 1223 594 videbo?

113 699 117 706 ,
223 613 287 679 635
309 613 393 691 Quin
415 613 501 694 agite
524 618 556 677 et
577 631 702 677 mecum
723 611 881 677 infaustas
902 611 1027 677 exurite
1048 612 1172 694 puppis,

306 699 388 764 Nam
410 698 488 762 mihi
509 697 706 763 Cassandrae
727 716 787 780 per
808 716 954 762 somnum
976 697 1060 762 vatis
1080 697 1186 780 imago

223 815 224 822 .
306 784 460 849 Ardentis
482 784 557 848 dare
579 783 647 848 visa
669 781 769 847 faces:
801 782 863 847 Hic
885 783 1032 863 quaerite
1054 782 1195 864 Troiam;

306 869 367 934 Hic
389 870 500 933 domus
524 872 586 947 est,
608 868 724 949 inquit,
745 868 844 932 vobis.
887 868 955 932 Iam
978 872 1104 950 tempus
1126 870 1179 951 agi
1201 888 1261 950 res,

307 955 375 1020 Nec
397 955 495 1019 tantis
516 972 607 1018 mora
627 953 793 1034 prodigiis:
816 971 856 1018 en
877 958 1031 1034 quattuor
1053 971 1129 1017 arae

223 1039 287 1104 640
307 1039 471 1121 Neptun03
495 1039 573 1103 deus
595 1038 663 1120 ipse
685 1037 773 1102 faces
794 1039 997 1119 animumque
1019 1039 1187 1103 ministrat.

307 1125 396 1190 Haec
418 1141 598 1188 memorans
620 1124 723 1205 prima
745 1122 904 1188 infensum
925 1123 958 1188 vi
980 1123 1112 1204 corripit
1133 1124 1250 1206 ignem,

308 1209 503 1291 Sublataque
525 1209 636 1291 procul
661 1209 774 1273 dextra
796 1209 932 1273 connixa
953 1213 1107 1287 coruscat.¹

307 1295 350 1360 Et
371 1295 456 1359 iacit.
499 1296 653 1359 Arrectae
675 1298 801 1358 mentes
824 1293 1067 1376 stupefactaque
1091 1295 1189 1358 corda

174 1449 176 1456 ,
307 1379 451 1444 Iliadum.
494 1380 555 1444 Hic
577 1399 642 1445 una
664 1398 681 1444 e
704 1379 825 1457 multis,
848 1397 930 1460 quae
951 1398 1099 1443 maxuma
1120 1384 1208 1459 natu,

186 1464 286 1530 »645
307 1465 424 1546 Pyrgo,
446 1469 496 1530 tot
516 1465 635 1530 Priami
657 1470 806 1529 natorum
827 1465 917 1546 regia
939 1465 1061 1528 nutris:

308 1551 381 1615 Non
404 1550 508 1615 Beroe
530 1551 633 1628 nobie,
655 1569 720 1614 non
742 1551 822 1615 haec
843 1548 1012 1627 Rhoeteia,
1034 1554 1162 1628 matres,

308 1637 368 1700 Est
389 1636 519 1718 Dorycli
542 1635 692 1715 coniuns3
715 1634 812 1698 divini
834 1634 926 1715 signa
948 1635 1072 1699 decoris

309 1721 525 1803 Ardentisque
547 1725 658 1785 notate
681 1721 802 1798 oculos;
828 1721 882 1801 qui
903 1720 1034 1802 spiritus
1055 1719 1111 1798 illi,

310 1806 371 1883 Qui
392 1806 512 1885 voltus,
535 1805 685 1888 vocisque
707 1823 816 1883 sonus,
839 1805 891 1869 vel
913 1823 1042 1886 gressus
1064 1804 1161 1869 eunti.

225 1889 289 1956 650
309 1890 383 1972 Ipsa
405 1895 533 1972 egomet
555 1889 674 1955 dudum
695 1891 823 1954 Beroen
845 1891 988 1972 digressa
1008 1890 1124 1971 reliqui

309 1976 460 2056 Aegram,
483 1976 715 2057 indignantem,
737 1976 796 2040 tali
818 1976 904 2056 quod
925 1975 993 2039 sola
1016 1979 1141 2039 careret

309 2061 458 2138 Munere,
479 2079 540 2125 nec
561 2061 692 2126 meritos
713 2060 873 2127 Anchisae
894 2059 1030 2125 inferret
1051 2061 1197 2126 honores.

308 2146 397 2211 Haec
420 2145 524 2211 effata

309 2233 354 2297 At
375 2238 493 2297 matres
515 2232 617 2314 primo
641 2231 807 2313 ancipites,
830 2231 994 2312 oculisque
1016 2231 1163 2312 malignis

224 2316 287 2383 655
309 2317 485 2400 Ambiguae
508 2322 654 2398 spectare
676 2321 763 2381 rates
785 2317 937 2381 miserum
958 2317 1044 2381 inter
1065 2334 1206 2382 amorem

309 2403 492 2468 Praesentis
515 2408 621 2468 terrae
643 2402 781 2484 fatisque
803 2402 951 2466 vocantia
971 2419 1086 2483 regna:

311 2489 390 2554 Cum
412 2491 473 2555 dea
494 2508 529 2554 se
550 2489 680 2571 paribus
702 2508 761 2570 per
783 2488 906 2554 caelum
930 2488 1059 2571 sustulit
1081 2487 1140 2552 ahs

311 2574 543 2657 Ingentemque
565 2574 642 2655 fuga
663 2575 766 2638 secuit
788 2572 847 2638 sub
870 2572 1006 2637 nubibus
1029 2591 1145 2637 arcum.

312 2660 393 2724 Tum
413 2678 490 2724 vero
514 2660 670 2724 attonitae
692 2658 844 2723 monstris
866 2663 1022 2740 actaeque
1044 2656 1153 2722 furore

227 2743 290 2809 660
313 2744 532 2823 Conclamant,
554 2745 747 2825 rapiuntque
769 2743 848 2809 focis
870 2744 1090 2826 penetralibus
1113 2743 1234 2824 ignem3

310 2830 389 2894 Pars
412 2829 552 2910 spoliant
573 2848 656 2908 aras,
679 2828 826 2895 frondem
848 2848 885 2893 ac
907 2829 1048 2910 virgulta
1069 2828 1220 2909 facesque

313 2913 501 2979 Coniiciunt.
544 2914 638 2978 Furit
659 2914 798 2979 inmissis
819 2914 981 2980 Volcanus
1003 2914 1136 2979 habenis

312 3000 466 3064 Transtra
487 3019 545 3081 per
569 3003 602 3063 et
623 3017 729 3065 remos
753 3003 787 3063 et
807 3000 910 3081 pictas
933 2999 1039 3064 abiete
1061 2998 1184 3081 puppis

311 3084 450 3149 Nuntius
472 3083 630 3150 Anchisae
653 3084 693 3149 ad
717 3085 874 3149 tumulum
896 3103 1078 3165 cuneosque
1101 3084 1220 3149 theatri

228 3168 464 3234 6651ncensas
486 3169 610 3252 perfert
633 3170 721 3234 navis
743 3169 909 3249 Eumelus,
932 3174 967 3234 et
987 3170 1048 3251 ipsi

227 3356 265 3391 vs.
286 3340 309 3405 1,
327 3337 403 3407 3781
437 3338 496 3391 634.
514 3356 603 3391 novam
621 3342 742 3407 petriam,
761 3355 851 3391 novam
868 3342 940 3406 quasi
958 3340 1072 3402 Troiam,
1096 3347 1164 3390 etv.
1182 3356 1221 3391 vs.
1240 3338 1315 3409 756,Ι
1346 3335 1397 3387 639.

229 3413 295 3460 tant.
311 3409 425 3477 prodig,
443 3411 479 3460 rei
498 3425 541 3475 per
559 3424 669 3459 somnum
688 3416 739 3459 tam
757 3408 885 3459 manifesto
903 3408 1080 3477 monstratae}
1114 3404 1174 3460 640.
1186 3425 1240 3471 an,
1254 3403 1398 3472 audaciam!

227 3476 285 3529 643.
305 3478 339 3529 dt
356 3481 428 3543 iacit,
445 3495 469 3528 v.
489 3476 530 3541 12,
550 3475 624 3545 730.Ι
659 3474 717 3527 646.
736 3477 873 3528 Rhoeteum
891 3478 1085 3544 promontorium
1097 3478 1213 3540 Troadis,
1232 3475 1399 3542 itaquellhoe·

227 3550 280 3598 teia
298 3550 313 3597 i.
332 3563 355 3612 q.
373 3546 491 3610 Troiana,
509 3552 535 3597 et
553 3545 583 3596 cf.
602 3562 641 3596 vs.
659 3542 734 3599 6261
770 3543 829 3599 649.
846 3562 871 3595 v.
890 3547 914 3610 1,
932 3543 1006 3614 Aba}
1041 3542 1099 3596 652.
1126 3545 1176 3595 tale
1193 3548 1315 3608 Munna,
1331 3544 1399 3595 seen·

227 3614 282 3664 ficio
311 3617 514 3680 caedmoniisque
543 3614 685 3665 inferiarum
712 3622 764 3665 tam
793 3616 958 3665 sollemnibus.
987 3643 1022 3651 —-
1049 3616 1177 3680 inferret,
1205 3630 1253 3663 noo
1279 3615 1401 3664 interesset

227 3680 333 3733 ferendis
357 3684 479 3735 Anchisae
502 3683 618 3753 inferiis!
653 3679 705 3733 654
722 3697 775 3748 sqq.
798 3686 939 3749 ancipites:
964 3684 1068 3749 primum
1095 3682 1191 3733 omnino
1214 3698 1246 3732 ae
1270 3681 1401 3750 simpliciter

228 3753 358 3817 ancipites,
382 3753 483 3816 dubiae,
506 3752 675 3819 appellantur,
698 3758 765 3814 tum,
789 3753 852 3816 quod
876 3753 992 3802 universe
1009 3752 1193 3817 pronuntiatum
1216 3758 1286 3816 eret,
1311 3752 1334 3801 in
1351 3762 1402 3799 suas

228 3826 313 3886 partes
332 3820 490 3871 distributum
509 3822 661 3888 explicatur:
687 3820 855 3884 ambigebant,
878 3828 961 3870 utrum
979 3820 1003 3869 in
1021 3821 1103 3870 Sicilia
1121 3834 1221 3869 manere
1238 3819 1355 3882 mallent,
1377 3832 1403 3865 m

228 3888 384 3950 navigarem
397 3887 517 3957 ltaliam}
547 3887 605 3940 655.
617 3893 677 3940 mas.
690 3905 753 3951 am,
765 3895 794 3939 ut
806 3889 870 3955 apud
884 3888 1041 3939 Terentium:
1059 3903 1130 3953 „em
1141 3885 1279 3955 (puellam)
1293 3890 1405 3937 misere

230 3957 350 4014 amat;“
368 3956 458 4006 misere
476 3972 561 4007 emere
579 3965 661 4009 eutem
681 3964 719 4008 est
730 3958 747 4007 i.
756 3973 780 4022 q.
793 3958 950 4008 vehementer
961 3965 987 4008 et
998 3973 1053 4008 cum
1071 3956 1184 4007 cruciatu
1202 3957 1311 4020 quodam
1323 3966 1405 4021 cupere

230 4024 264 4086 id,
283 4038 329 4089 quo
347 4025 453 4073 nondum
472 4026 506 4075 sis
524 4021 642 4091 potitus}
678 4023 736 4077 656.
749 4026 839 4091 satu,
864 4026 928 4090 qnod
947 4041 981 4076 ex
998 4024 1051 4076 fato
1070 4025 1218 4091 promissum
1236 4032 1294 4075 eret
1311 4036 1406 4087 regnum

230 4092 254 4143 in
271 4090 344 4142 ltalia
363 4089 501 4156 Troianis!
535 4090 595 4145 657.
613 4110 638 4143 v.
657 4092 681 4157 4,
699 4090 773 4150 2521
809 4090 868 4145 658.
886 4096 971 4144 secuit
993 4110 1064 4158 ara,
1087 4108 1112 4142 v.
1132 4091 1173 4155 12,
1195 4088 1255 4143 368.
1280 4104 1407 4159 suprave.

230 4157 490 4223 609‚,11·is...viam
508 4162 620 4212 celerans
639 4177 683 4226 per
700 4162 767 4211 mille
785 4160 1051 4231 coloribusarcumf‘l
1085 4158 1144 4212 660.
1227 4165 1271 4222 tr,
1291 4148 1409 4227 qui'emt

231 4230 255 4279 in
273 4228 430 4280 interioribus
449 4229 562 4295 partibus
580 4230 708 4281 domorum
726 4230 919 4297 proximarum!
954 4227 1014 4281 662.
1032 4247 1058 4280 v.
1072 4226 1102 4280 G.
1115 4227 1139 4293 1,
1205 4232 1332 4280 .-r'nua
1350 4228 1409 4287 not,

231 4314 291 4362 ergo
309 4299 379 4365 qussi
396 4296 552 4363 armatus!
586 4294 645 4348 663.
660 4300 733 4365 pict,
751 4295 819 4361 νῆας
836 4298 980 4366 μιλτοπαρ
991 4290 1049 4354 ὀυς
1067 4298 1166 4348 Homer.
1178 4326 1214 4335 -
1227 4299 1321 4359 adfata
1339 4296 1411 4347 Abla·

230 4367 298 4417 tivum
316 4368 446 4419 materiam
463 4367 611 4432 significuus,
629 4382 660 4417 ex
679 4380 728 4431 qua
746 4366 804 4432 quid
822 4366 921 4430 factum,
939 4373 968 4417 nt
982 4315 1008 4431 2,
1022 4363 1080 4420 765.
1097 4364 1124 4429 3,
1135 4362 1195 4416 286.
1212 4363 1257 4430 10,
1271 4361 1400 4419 636784.
