<?xml version="1.0" encoding="UTF-8"?>
<!DOCTYPE html PUBLIC "-//W3C//DTD XHTML 1.0 Transitional//EN"
    "http://www.w3.org/TR/xhtml1/DTD/xhtml1-transitional.dtd">
<html xmlns="http://www.w3.org/1999/xhtml" xml:lang="en" lang="en">
 <head>
  <title>
</title>
<meta http-equiv="Content-Type" content="text/html;charset=utf-8" />
  <meta name='ocr-system' content='tesseract 3.04.00' />
  <meta name='ocr-capabilities' content='ocr_page ocr_carea ocr_par ocr_line ocrx_word'/>
</head>
<body>
  <div class='ocr_page' id='page_1' title='image "./carminabreviter00virggoog_0186.png"; bbox 0 0 2942 4975; ppageno 0'>
   <div class='ocr_carea' id='block_1_1' title="bbox 492 354 872 423">
    <p class='ocr_par' dir='ltr' id='par_1_1' title="bbox 492 354 872 423">
     <span class='ocr_line' id='line_1_1' title="bbox 492 354 872 423; baseline 0 -2"><span class='ocrx_word' id='word_1_1' title='bbox 492 354 706 423; x_wconf 83' lang='lat' dir='ltr'><strong>AENEIDOS</strong></span> <span class='ocrx_word' id='word_1_2' title='bbox 729 356 810 423; x_wconf 86' lang='lat' dir='ltr'><strong>LIB.</strong></span> <span class='ocrx_word' id='word_1_3' title='bbox 831 358 872 422; x_wconf 90' lang='lat'><strong>11.</strong></span> 
     </span>
    </p>
   </div>
   <div class='ocr_carea' id='block_1_2' title="bbox 82 540 1162 1293">
    <p class='ocr_par' dir='ltr' id='par_1_2' title="bbox 171 540 985 711">
     <span class='ocr_line' id='line_1_2' title="bbox 171 540 985 611; baseline 0 -2"><span class='ocrx_word' id='word_1_4' title='bbox 171 544 329 609; x_wconf 87' lang='lat' dir='ltr'><strong>Necnon</strong></span> <span class='ocrx_word' id='word_1_5' title='bbox 353 546 388 607; x_wconf 91' lang='lat' dir='ltr'><strong>et</strong></span> <span class='ocrx_word' id='word_1_6' title='bbox 408 540 495 607; x_wconf 87' lang='lat' dir='ltr'><strong>vario</strong></span> <span class='ocrx_word' id='word_1_7' title='bbox 517 546 645 607; x_wconf 89' lang='lat' dir='ltr'><strong>noctem</strong></span> <span class='ocrx_word' id='word_1_8' title='bbox 667 560 814 609; x_wconf 80' lang='lat' dir='ltr'><strong>sermone</strong></span> <span class='ocrx_word' id='word_1_9' title='bbox 836 544 985 611; x_wconf 87' lang='lat' dir='ltr'><strong>trabebat</strong></span> 
     </span>
     <span class='ocr_line' id='line_1_3' title="bbox 174 626 951 711; baseline 0.001 -17"><span class='ocrx_word' id='word_1_10' title='bbox 174 627 291 695; x_wconf 84' lang='lat' dir='ltr'><strong>Infelix</strong></span> <span class='ocrx_word' id='word_1_11' title='bbox 312 628 411 708; x_wconf 86' lang='lat' dir='ltr'><strong>Dido,</strong></span> <span class='ocrx_word' id='word_1_12' title='bbox 433 628 628 711; x_wconf 83' lang='lat' dir='ltr'><strong>longumque</strong></span> <span class='ocrx_word' id='word_1_13' title='bbox 649 626 782 696; x_wconf 76' lang='lat' dir='ltr'><strong>bibebat</strong></span> <span class='ocrx_word' id='word_1_14' title='bbox 803 648 951 708; x_wconf 88' lang='lat' dir='ltr'><strong>amorem,</strong></span> 
     </span>
    </p>

    <p class='ocr_par' dir='ltr' id='par_1_3' title="bbox 82 712 1162 1139">
     <span class='ocr_line' id='line_1_4' title="bbox 82 712 1146 797; baseline 0.004 -18"><span class='ocrx_word' id='word_1_15' title='bbox 82 713 149 781; x_wconf 84' lang='grc'><strong>750</strong></span> <span class='ocrx_word' id='word_1_16' title='bbox 172 714 280 780; x_wconf 90' lang='lat' dir='ltr'><strong>Multa</strong></span> <span class='ocrx_word' id='word_1_17' title='bbox 300 731 399 797; x_wconf 91' lang='lat' dir='ltr'><strong>super</strong></span> <span class='ocrx_word' id='word_1_18' title='bbox 419 712 548 778; x_wconf 91' lang='lat' dir='ltr'><strong>Priamo</strong></span> <span class='ocrx_word' id='word_1_19' title='bbox 570 712 727 795; x_wconf 76' lang='lat' dir='ltr'><strong>rogitem,</strong></span> <span class='ocrx_word' id='word_1_20' title='bbox 750 732 847 795; x_wconf 89' lang='lat' dir='ltr'><strong>super</strong></span> <span class='ocrx_word' id='word_1_21' title='bbox 868 714 1010 781; x_wconf 82' lang='lat' dir='ltr'><strong>Hectore</strong></span> <span class='ocrx_word' id='word_1_22' title='bbox 1031 717 1146 797; x_wconf 88' lang='lat' dir='ltr'><strong>multa;</strong></span> 
     </span>
     <span class='ocr_line' id='line_1_5' title="bbox 171 797 982 880; baseline 0.001 -16"><span class='ocrx_word' id='word_1_23' title='bbox 171 800 281 879; x_wconf 87' lang='lat' dir='ltr'><strong>Nunc,</strong></span> <span class='ocrx_word' id='word_1_24' title='bbox 304 798 420 880; x_wconf 88' lang='lat' dir='ltr'><strong>quibus</strong></span> <span class='ocrx_word' id='word_1_25' title='bbox 442 799 587 865; x_wconf 81' lang='lat' dir='ltr'><strong>Aurorae</strong></span> <span class='ocrx_word' id='word_1_26' title='bbox 609 798 751 865; x_wconf 86' lang='lat' dir='ltr'><strong>venisset</strong></span> <span class='ocrx_word' id='word_1_27' title='bbox 771 797 855 864; x_wconf 87' lang='lat' dir='ltr'><strong>filius</strong></span> <span class='ocrx_word' id='word_1_28' title='bbox 876 801 982 880; x_wconf 88' lang='lat' dir='ltr'><strong>armis,</strong></span> 
     </span>
     <span class='ocr_line' id='line_1_6' title="bbox 171 882 1162 967; baseline 0.001 -17"><span class='ocrx_word' id='word_1_29' title='bbox 171 885 281 964; x_wconf 86' lang='lat' dir='ltr'><strong>Nunc,</strong></span> <span class='ocrx_word' id='word_1_30' title='bbox 304 884 417 966; x_wconf 88' lang='lat' dir='ltr'><strong>quales</strong></span> <span class='ocrx_word' id='word_1_31' title='bbox 438 882 601 949; x_wconf 90' lang='lat' dir='ltr'><strong>Diomedis</strong></span> <span class='ocrx_word' id='word_1_32' title='bbox 624 884 710 967; x_wconf 83' lang='lat' dir='ltr'><strong>equi,</strong></span> <span class='ocrx_word' id='word_1_33' title='bbox 732 902 830 963; x_wconf 82' lang='lat' dir='ltr'><strong>nunc,</strong></span> <span class='ocrx_word' id='word_1_34' title='bbox 853 891 990 965; x_wconf 89' lang='lat' dir='ltr'><strong>quantus</strong></span> <span class='ocrx_word' id='word_1_35' title='bbox 1011 886 1162 953; x_wconf 83' lang='lat' dir='ltr'><strong>Achillea</strong></span> 
     </span>
     <span class='ocr_line' id='line_1_7' title="bbox 171 969 1092 1053; baseline 0.002 -18"><span class='ocrx_word' id='word_1_36' title='bbox 171 971 276 1035; x_wconf 91' lang='lat' dir='ltr'><strong>Immo</strong></span> <span class='ocrx_word' id='word_1_37' title='bbox 299 986 373 1052; x_wconf 83' lang='lat' dir='ltr'><strong>ege,</strong></span> <span class='ocrx_word' id='word_1_38' title='bbox 396 974 431 1034; x_wconf 90' lang='lat' dir='ltr'><strong>et</strong></span> <span class='ocrx_word' id='word_1_39' title='bbox 452 988 471 1034; x_wconf 89' lang='lat' dir='ltr'><strong>a</strong></span> <span class='ocrx_word' id='word_1_40' title='bbox 492 969 595 1051; x_wconf 87' lang='lat' dir='ltr'><strong>prima</strong></span> <span class='ocrx_word' id='word_1_41' title='bbox 617 969 681 1051; x_wconf 78' lang='lat' dir='ltr'><strong>dic,</strong></span> <span class='ocrx_word' id='word_1_42' title='bbox 703 970 833 1051; x_wconf 76' lang='lat' dir='ltr'><strong>hesper,</strong></span> <span class='ocrx_word' id='word_1_43' title='bbox 856 970 979 1053; x_wconf 82' lang='lat' dir='ltr'><strong>origine</strong></span> <span class='ocrx_word' id='word_1_44' title='bbox 1001 971 1092 1038; x_wconf 88' lang='lat' dir='ltr'><strong>nobis</strong></span> 
     </span>
     <span class='ocr_line' id='line_1_8' title="bbox 170 1054 1019 1139; baseline -0.004 -18"><span class='ocrx_word' id='word_1_45' title='bbox 170 1055 324 1135; x_wconf 84' lang='lat' dir='ltr'><strong>Insidias,</strong></span> <span class='ocrx_word' id='word_1_46' title='bbox 345 1054 464 1139; x_wconf 79' lang='lat' dir='ltr'><strong>inqrrit,</strong></span> <span class='ocrx_word' id='word_1_47' title='bbox 484 1055 646 1135; x_wconf 87' lang='lat' dir='ltr'><strong>Danaum,</strong></span> <span class='ocrx_word' id='word_1_48' title='bbox 669 1072 825 1136; x_wconf 86' lang='lat' dir='ltr'><strong>casusque</strong></span> <span class='ocrx_word' id='word_1_49' title='bbox 847 1059 976 1122; x_wconf 90' lang='lat' dir='ltr'><strong>tuorum</strong></span> <span class='ocrx_word' id='word_1_50' title='bbox 1009 1102 1019 1118; x_wconf 57' lang='lat'>„</span> 
     </span>
    </p>

    <p class='ocr_par' dir='ltr' id='par_1_4' title="bbox 84 1138 1022 1293">
     <span class='ocr_line' id='line_1_9' title="bbox 84 1138 1022 1223; baseline 0.004 -20"><span class='ocrx_word' id='word_1_51' title='bbox 84 1138 149 1207; x_wconf 83' lang='grc'><strong>755</strong></span> <span class='ocrx_word' id='word_1_52' title='bbox 170 1141 376 1222; x_wconf 86' lang='lat' dir='ltr'><strong>Erroresque</strong></span> <span class='ocrx_word' id='word_1_53' title='bbox 398 1145 483 1220; x_wconf 81' lang='lat' dir='ltr'><strong>tuos3</strong></span> <span class='ocrx_word' id='word_1_54' title='bbox 506 1159 580 1205; x_wconf 89' lang='lat' dir='ltr'><strong>nam</strong></span> <span class='ocrx_word' id='word_1_55' title='bbox 602 1139 721 1207; x_wconf 88' lang='lat' dir='ltr'><strong>teiam</strong></span> <span class='ocrx_word' id='word_1_56' title='bbox 744 1146 892 1223; x_wconf 77' lang='lat' dir='ltr'><strong>septumo</strong></span> <span class='ocrx_word' id='word_1_57' title='bbox 911 1146 1022 1223; x_wconf 89' lang='lat' dir='ltr'><strong>portat</strong></span> 
     </span>
     <span class='ocr_line' id='line_1_10' title="bbox 172 1224 999 1293; baseline 0.001 -1"><span class='ocrx_word' id='word_1_58' title='bbox 172 1226 330 1292; x_wconf 83' lang='lat' dir='ltr'><strong>Omnibus</strong></span> <span class='ocrx_word' id='word_1_59' title='bbox 354 1230 516 1291; x_wconf 77' lang='lat' dir='ltr'><strong>errantem</strong></span> <span class='ocrx_word' id='word_1_60' title='bbox 538 1224 633 1291; x_wconf 86' lang='lat' dir='ltr'><strong>terris</strong></span> <span class='ocrx_word' id='word_1_61' title='bbox 657 1228 690 1291; x_wconf 93' lang='lat' dir='ltr'><strong>et</strong></span> <span class='ocrx_word' id='word_1_62' title='bbox 712 1224 862 1291; x_wconf 89' lang='lat' dir='ltr'><strong>fiuctibus</strong></span> <span class='ocrx_word' id='word_1_63' title='bbox 884 1231 999 1293; x_wconf 81' lang='lat' dir='ltr'><strong>aestas</strong></span> 
     </span>
    </p>
   </div>
   <div class='ocr_carea' id='block_1_3' title="bbox 293 1456 1072 1723">
    <p class='ocr_par' dir='ltr' id='par_1_5' title="bbox 293 1456 1072 1723">
     <span class='ocr_line' id='line_1_11' title="bbox 293 1456 1072 1577; baseline 0.003 -3"><span class='ocrx_word' id='word_1_64' title='bbox 293 1462 351 1574; x_wconf 86' lang='lat' dir='ltr'><strong>A</strong></span> <span class='ocrx_word' id='word_1_65' title='bbox 405 1458 457 1574; x_wconf 88' lang='grc' dir='ltr'>Ε</span> <span class='ocrx_word' id='word_1_66' title='bbox 510 1458 568 1575; x_wconf 90' lang='grc' dir='ltr'><strong>Ν</strong></span> <span class='ocrx_word' id='word_1_67' title='bbox 620 1456 672 1573; x_wconf 86' lang='grc' dir='ltr'>Ε</span> <span class='ocrx_word' id='word_1_68' title='bbox 725 1456 758 1573; x_wconf 91' lang='grc' dir='ltr'>Ι</span> <span class='ocrx_word' id='word_1_69' title='bbox 812 1457 977 1573; x_wconf 80' lang='lat' dir='ltr'><strong>DO</strong></span> <span class='ocrx_word' id='word_1_70' title='bbox 1032 1456 1072 1577; x_wconf 88' lang='lat' dir='ltr'>S</span> 
     </span>
     <span class='ocr_line' id='line_1_12' title="bbox 422 1634 947 1723; baseline 0.002 -2"><span class='ocrx_word' id='word_1_71' title='bbox 422 1636 597 1721; x_wconf 79' lang='lat' dir='ltr'><strong>nmen</strong></span> <span class='ocrx_word' id='word_1_72' title='bbox 628 1634 947 1723; x_wconf 78' lang='lat' dir='ltr'><strong>senonens,</strong></span> 
     </span>
    </p>
   </div>
   <div class='ocr_carea' id='block_1_4' title="bbox 104 1820 1249 1894">
    <p class='ocr_par' dir='ltr' id='par_1_6' title="bbox 104 1820 1249 1894">
     <span class='ocr_line' id='line_1_13' title="bbox 104 1820 1249 1894; baseline 0.001 -19"><span class='ocrx_word' id='word_1_73' title='bbox 104 1824 234 1892; x_wconf 73' lang='lat' dir='ltr'><strong>(Regula</strong></span> <span class='ocrx_word' id='word_1_74' title='bbox 252 1822 360 1874; x_wconf 70' lang='lat' dir='ltr'><strong>boumn</strong></span> <span class='ocrx_word' id='word_1_75' title='bbox 378 1826 476 1873; x_wconf 79' lang='lat' dir='ltr'><strong>narret</strong></span> <span class='ocrx_word' id='word_1_76' title='bbox 492 1825 597 1874; x_wconf 80' lang='lat' dir='ltr'><strong>Aeneae</strong></span> <span class='ocrx_word' id='word_1_77' title='bbox 616 1823 749 1875; x_wconf 67' lang='lat' dir='ltr'><strong>accidiam</strong></span> <span class='ocrx_word' id='word_1_78' title='bbox 770 1820 862 1874; x_wconf 81' lang='lat' dir='ltr'><strong>Troiae</strong></span> <span class='ocrx_word' id='word_1_79' title='bbox 879 1822 936 1873; x_wconf 81' lang='lat' dir='ltr'><strong>dolo</strong></span> <span class='ocrx_word' id='word_1_80' title='bbox 956 1822 1116 1876; x_wconf 77' lang='lat' dir='ltr'><strong>Graecorum</strong></span> <span class='ocrx_word' id='word_1_81' title='bbox 1134 1823 1249 1894; x_wconf 79' lang='lat' dir='ltr'><strong>captae)</strong></span> 
     </span>
    </p>
   </div>
   <div class='ocr_carea' id='block_1_5' title="bbox 125 1975 1030 2490">
    <p class='ocr_par' dir='ltr' id='par_1_7' title="bbox 173 1975 988 2315">
     <span class='ocr_line' id='line_1_14' title="bbox 175 1975 973 2059; baseline -0.001 -16"><span class='ocrx_word' id='word_1_82' title='bbox 175 1975 371 2043; x_wconf 77' lang='lat' dir='ltr'><strong>Conticuere</strong></span> <span class='ocrx_word' id='word_1_83' title='bbox 393 1994 504 2041; x_wconf 90' lang='lat' dir='ltr'><strong>omnes</strong></span> <span class='ocrx_word' id='word_1_84' title='bbox 525 1976 706 2059; x_wconf 87' lang='lat' dir='ltr'><strong>intentique</strong></span> <span class='ocrx_word' id='word_1_85' title='bbox 729 1995 787 2041; x_wconf 91' lang='lat' dir='ltr'><strong>ora</strong></span> <span class='ocrx_word' id='word_1_86' title='bbox 809 1977 973 2042; x_wconf 86' lang='lat' dir='ltr'><strong>tenebant.</strong></span> 
     </span>
     <span class='ocr_line' id='line_1_15' title="bbox 173 2062 969 2143; baseline -0.001 -16"><span class='ocrx_word' id='word_1_87' title='bbox 173 2062 258 2127; x_wconf 91' lang='lat' dir='ltr'><strong>Inde</strong></span> <span class='ocrx_word' id='word_1_88' title='bbox 280 2066 351 2127; x_wconf 90' lang='lat' dir='ltr'><strong>toro</strong></span> <span class='ocrx_word' id='word_1_89' title='bbox 374 2065 467 2143; x_wconf 90' lang='lat' dir='ltr'><strong>pater</strong></span> <span class='ocrx_word' id='word_1_90' title='bbox 489 2063 615 2127; x_wconf 81' lang='lat' dir='ltr'><strong>Aeneas</strong></span> <span class='ocrx_word' id='word_1_91' title='bbox 638 2062 684 2127; x_wconf 88' lang='lat' dir='ltr'><strong>sic</strong></span> <span class='ocrx_word' id='word_1_92' title='bbox 707 2080 800 2127; x_wconf 91' lang='lat' dir='ltr'><strong>orsus</strong></span> <span class='ocrx_word' id='word_1_93' title='bbox 821 2062 861 2127; x_wconf 90' lang='lat' dir='ltr'><strong>ab</strong></span> <span class='ocrx_word' id='word_1_94' title='bbox 885 2062 969 2129; x_wconf 84' lang='lat' dir='ltr'><strong>alto:</strong></span> 
     </span>
     <span class='ocr_line' id='line_1_16' title="bbox 174 2145 988 2229; baseline 0.002 -18"><span class='ocrx_word' id='word_1_95' title='bbox 174 2145 360 2220; x_wconf 78' lang='lat' dir='ltr'><strong>Infandum,</strong></span> <span class='ocrx_word' id='word_1_96' title='bbox 383 2146 519 2229; x_wconf 83' lang='lat' dir='ltr'><strong>Regina,</strong></span> <span class='ocrx_word' id='word_1_97' title='bbox 541 2147 633 2213; x_wconf 89' lang='lat' dir='ltr'><strong>iubes</strong></span> <span class='ocrx_word' id='word_1_98' title='bbox 656 2166 813 2213; x_wconf 89' lang='lat' dir='ltr'><strong>renovare</strong></span> <span class='ocrx_word' id='word_1_99' title='bbox 837 2148 988 2226; x_wconf 90' lang='lat' dir='ltr'><strong>dolorem,</strong></span> 
     </span>
     <span class='ocr_line' id='line_1_17' title="bbox 175 2231 933 2315; baseline 0 -17"><span class='ocrx_word' id='word_1_100' title='bbox 175 2234 333 2299; x_wconf 87' lang='lat' dir='ltr'><strong>Troianas</strong></span> <span class='ocrx_word' id='word_1_101' title='bbox 354 2236 392 2297; x_wconf 91' lang='lat' dir='ltr'><strong>ut</strong></span> <span class='ocrx_word' id='word_1_102' title='bbox 414 2250 491 2315; x_wconf 88' lang='lat' dir='ltr'><strong>opes</strong></span> <span class='ocrx_word' id='word_1_103' title='bbox 514 2237 549 2297; x_wconf 88' lang='lat' dir='ltr'><strong>et</strong></span> <span class='ocrx_word' id='word_1_104' title='bbox 569 2231 776 2299; x_wconf 83' lang='lat' dir='ltr'><strong>lamentabile</strong></span> <span class='ocrx_word' id='word_1_105' title='bbox 797 2250 933 2314; x_wconf 85' lang='lat' dir='ltr'><strong>regnum</strong></span> 
     </span>
    </p>

    <p class='ocr_par' dir='ltr' id='par_1_8' title="bbox 125 2314 1030 2490">
     <span class='ocr_line' id='line_1_18' title="bbox 125 2314 1026 2401; baseline -0.003 -17"><span class='ocrx_word' id='word_1_106' title='bbox 125 2318 149 2384; x_wconf 79' lang='lat'>5</span> <span class='ocrx_word' id='word_1_107' title='bbox 175 2318 339 2399; x_wconf 85' lang='lat' dir='ltr'><strong>Eruerint·</strong></span> <span class='ocrx_word' id='word_1_108' title='bbox 354 2318 469 2397; x_wconf 84' lang='lat' dir='ltr'><strong>Danai,</strong></span> <span class='ocrx_word' id='word_1_109' title='bbox 492 2336 638 2401; x_wconf 87' lang='lat' dir='ltr'><strong>quaeque</strong></span> <span class='ocrx_word' id='word_1_110' title='bbox 660 2316 729 2401; x_wconf 83' lang='lat' dir='ltr'><strong>ip&#39;se</strong></span> <span class='ocrx_word' id='word_1_111' title='bbox 752 2317 931 2384; x_wconf 86' lang='lat' dir='ltr'><strong>miserrima</strong></span> <span class='ocrx_word' id='word_1_112' title='bbox 951 2314 1026 2395; x_wconf 85' lang='lat' dir='ltr'><strong>vidi,</strong></span> 
     </span>
     <span class='ocr_line' id='line_1_19' title="bbox 174 2401 1030 2490; baseline -0.007 -19"><span class='ocrx_word' id='word_1_113' title='bbox 174 2406 222 2471; x_wconf 84' lang='lat' dir='ltr'><strong>Et</strong></span> <span class='ocrx_word' id='word_1_114' title='bbox 244 2410 380 2485; x_wconf 87' lang='lat' dir='ltr'><strong>qnorum</strong></span> <span class='ocrx_word' id='word_1_115' title='bbox 401 2422 475 2490; x_wconf 91' lang='lat' dir='ltr'><strong>pars</strong></span> <span class='ocrx_word' id='word_1_116' title='bbox 498 2421 613 2485; x_wconf 85' lang='lat' dir='ltr'><strong>magna</strong></span> <span class='ocrx_word' id='word_1_117' title='bbox 634 2402 688 2468; x_wconf 82' lang='lat' dir='ltr'><strong>sui.</strong></span> <span class='ocrx_word' id='word_1_118' title='bbox 733 2402 812 2481; x_wconf 82' lang='lat' dir='ltr'><strong>Quis</strong></span> <span class='ocrx_word' id='word_1_119' title='bbox 834 2403 912 2468; x_wconf 87' lang='lat' dir='ltr'><strong>talia</strong></span> <span class='ocrx_word' id='word_1_120' title='bbox 933 2401 1030 2468; x_wconf 86' lang='lat' dir='ltr'><strong>fando</strong></span> 
     </span>
    </p>
   </div>
   <div class='ocr_carea' id='block_1_6' title="bbox 107 2488 1189 3252">
    <p class='ocr_par' dir='ltr' id='par_1_9' title="bbox 174 2488 1073 2743">
     <span class='ocr_line' id='line_1_20' title="bbox 174 2488 1032 2572; baseline -0.003 -15"><span class='ocrx_word' id='word_1_121' title='bbox 174 2489 412 2572; x_wconf 87' lang='lat' dir='ltr'><strong>Myrmidonum</strong></span> <span class='ocrx_word' id='word_1_122' title='bbox 434 2489 633 2572; x_wconf 84' lang='lat' dir='ltr'><strong>Dolopumve</strong></span> <span class='ocrx_word' id='word_1_123' title='bbox 656 2494 713 2555; x_wconf 88' lang='lat' dir='ltr'><strong>aut</strong></span> <span class='ocrx_word' id='word_1_124' title='bbox 735 2490 807 2556; x_wconf 91' lang='lat' dir='ltr'><strong>duri</strong></span> <span class='ocrx_word' id='word_1_125' title='bbox 828 2489 920 2556; x_wconf 91' lang='lat' dir='ltr'><strong>miles</strong></span> <span class='ocrx_word' id='word_1_126' title='bbox 943 2488 1032 2555; x_wconf 84' lang='lat' dir='ltr'><strong>Ulixi</strong></span> 
     </span>
     <span class='ocr_line' id='line_1_21' title="bbox 176 2574 1073 2657; baseline -0.003 -15"><span class='ocrx_word' id='word_1_127' title='bbox 176 2577 352 2657; x_wconf 87' lang='lat' dir='ltr'><strong>Temperet</strong></span> <span class='ocrx_word' id='word_1_128' title='bbox 375 2595 394 2640; x_wconf 96' lang='lat' dir='ltr'><strong>a</strong></span> <span class='ocrx_word' id='word_1_129' title='bbox 415 2575 566 2641; x_wconf 76' lang='lat' dir='ltr'><strong>lacrimis!</strong></span> <span class='ocrx_word' id='word_1_130' title='bbox 605 2579 638 2641; x_wconf 91' lang='lat' dir='ltr'><strong>et</strong></span> <span class='ocrx_word' id='word_1_131' title='bbox 659 2575 724 2642; x_wconf 92' lang='lat' dir='ltr'><strong>iam</strong></span> <span class='ocrx_word' id='word_1_132' title='bbox 746 2593 810 2641; x_wconf 82' lang='lat' dir='ltr'><strong>nox</strong></span> <span class='ocrx_word' id='word_1_133' title='bbox 830 2575 963 2641; x_wconf 89' lang='lat' dir='ltr'><strong>humida</strong></span> <span class='ocrx_word' id='word_1_134' title='bbox 984 2574 1073 2640; x_wconf 91' lang='lat' dir='ltr'><strong>caelo</strong></span> 
     </span>
     <span class='ocr_line' id='line_1_22' title="bbox 174 2660 1070 2743; baseline -0.001 -16"><span class='ocrx_word' id='word_1_135' title='bbox 174 2661 387 2743; x_wconf 81' lang='lat' dir='ltr'><strong>Praecipitat,</strong></span> <span class='ocrx_word' id='word_1_136' title='bbox 404 2661 614 2743; x_wconf 18' lang='lat' dir='ltr'><strong>*suadentque</strong></span> <span class='ocrx_word' id='word_1_137' title='bbox 637 2661 786 2727; x_wconf 86' lang='lat' dir='ltr'><strong>cadentia</strong></span> <span class='ocrx_word' id='word_1_138' title='bbox 806 2660 912 2726; x_wconf 89' lang='lat' dir='ltr'><strong>sidera</strong></span> <span class='ocrx_word' id='word_1_139' title='bbox 933 2679 1070 2726; x_wconf 78' lang='lat' dir='ltr'><strong>somnos</strong></span> 
     </span>
    </p>

    <p class='ocr_par' dir='ltr' id='par_1_10' title="bbox 107 2745 1189 3084">
     <span class='ocr_line' id='line_1_23' title="bbox 107 2745 1020 2828; baseline -0.002 -16"><span class='ocrx_word' id='word_1_140' title='bbox 107 2748 153 2813; x_wconf 93' lang='lat'><strong>10</strong></span> <span class='ocrx_word' id='word_1_141' title='bbox 177 2746 245 2812; x_wconf 86' lang='lat' dir='ltr'><strong>Sed</strong></span> <span class='ocrx_word' id='word_1_142' title='bbox 267 2745 293 2810; x_wconf 92' lang='lat' dir='ltr'><strong>si</strong></span> <span class='ocrx_word' id='word_1_143' title='bbox 315 2751 426 2811; x_wconf 90' lang='lat' dir='ltr'><strong>tantus</strong></span> <span class='ocrx_word' id='word_1_144' title='bbox 449 2765 537 2811; x_wconf 93' lang='lat' dir='ltr'><strong>amor</strong></span> <span class='ocrx_word' id='word_1_145' title='bbox 561 2764 651 2812; x_wconf 87' lang='lat' dir='ltr'><strong>casus</strong></span> <span class='ocrx_word' id='word_1_146' title='bbox 674 2764 869 2828; x_wconf 86' lang='lat' dir='ltr'><strong>cognoscere</strong></span> <span class='ocrx_word' id='word_1_147' title='bbox 891 2751 1020 2811; x_wconf 87' lang='lat' dir='ltr'><strong>nostros</strong></span> 
     </span>
     <span class='ocr_line' id='line_1_24' title="bbox 176 2830 1046 2914; baseline -0.001 -16"><span class='ocrx_word' id='word_1_148' title='bbox 176 2833 222 2898; x_wconf 85' lang='lat' dir='ltr'><strong>Et</strong></span> <span class='ocrx_word' id='word_1_149' title='bbox 240 2831 386 2898; x_wconf 86' lang='lat' dir='ltr'><strong>¹brevitor</strong></span> <span class='ocrx_word' id='word_1_150' title='bbox 408 2831 524 2896; x_wconf 88' lang='lat' dir='ltr'><strong>Troiae</strong></span> <span class='ocrx_word' id='word_1_151' title='bbox 546 2850 731 2914; x_wconf 91' lang='lat' dir='ltr'><strong>supremum</strong></span> <span class='ocrx_word' id='word_1_152' title='bbox 753 2830 864 2897; x_wconf 88' lang='lat' dir='ltr'><strong>audire</strong></span> <span class='ocrx_word' id='word_1_153' title='bbox 887 2831 1046 2910; x_wconf 73' lang='lat' dir='ltr'><strong>laborem&#39;</strong></span> 
     </span>
     <span class='ocr_line' id='line_1_25' title="bbox 175 2913 1189 3069; baseline -0.001 -87"><span class='ocrx_word' id='word_1_154' title='bbox 175 2918 379 3069; x_wconf 51' lang='lat' dir='ltr'><strong>Puamquam</strong></span> <span class='ocrx_word' id='word_1_155' title='bbox 401 2916 524 2983; x_wconf 93' lang='lat' dir='ltr'><strong>animus</strong></span> <span class='ocrx_word' id='word_1_156' title='bbox 546 2916 728 2982; x_wconf 86' lang='lat' dir='ltr'><strong>meminisse</strong></span> <span class='ocrx_word' id='word_1_157' title='bbox 751 2915 864 2982; x_wconf 89' lang='lat' dir='ltr'><strong>borret</strong></span> <span class='ocrx_word' id='word_1_158' title='bbox 884 2917 1039 2998; x_wconf 86' lang='lat' dir='ltr'><strong>luctuque</strong></span> <span class='ocrx_word' id='word_1_159' title='bbox 1061 2913 1189 2999; x_wconf 79' lang='lat' dir='ltr'><strong>refugit</strong></span> 
     </span>
     <span class='ocr_line' id='line_1_26' title="bbox 194 3021 342 3084; baseline -0.014 -16"><span class='ocrx_word' id='word_1_160' title='bbox 194 3021 342 3084; x_wconf 86' lang='lat' dir='ltr'><strong>norpram.</strong></span> 
     </span>
    </p>

    <p class='ocr_par' dir='ltr' id='par_1_11' title="bbox 399 3085 921 3172">
     <span class='ocr_line' id='line_1_27' title="bbox 399 3085 921 3172; baseline 0.002 -21"><span class='ocrx_word' id='word_1_161' title='bbox 399 3087 508 3154; x_wconf 85' lang='lat' dir='ltr'><strong>Fracti</strong></span> <span class='ocrx_word' id='word_1_162' title='bbox 530 3087 615 3152; x_wconf 88' lang='lat' dir='ltr'><strong>bello</strong></span> <span class='ocrx_word' id='word_1_163' title='bbox 638 3085 778 3170; x_wconf 82' lang='lat' dir='ltr'><strong>fatisque</strong></span> <span class='ocrx_word' id='word_1_164' title='bbox 800 3087 921 3172; x_wconf 91' lang='lat' dir='ltr'><strong>repulsi</strong></span> 
     </span>
    </p>

    <p class='ocr_par' dir='ltr' id='par_1_12' title="bbox 176 3172 1007 3252">
     <span class='ocr_line' id='line_1_28' title="bbox 176 3172 1007 3252; baseline 0 -13"><span class='ocrx_word' id='word_1_165' title='bbox 176 3175 341 3239; x_wconf 90' lang='lat' dir='ltr'><strong>Ductores</strong></span> <span class='ocrx_word' id='word_1_166' title='bbox 362 3173 521 3252; x_wconf 76' lang='lat' dir='ltr'><strong>Danaum,</strong></span> <span class='ocrx_word' id='word_1_167' title='bbox 544 3177 595 3238; x_wconf 91' lang='lat' dir='ltr'><strong>tot</strong></span> <span class='ocrx_word' id='word_1_168' title='bbox 616 3172 680 3238; x_wconf 87' lang='lat' dir='ltr'><strong>iam</strong></span> <span class='ocrx_word' id='word_1_169' title='bbox 701 3172 884 3238; x_wconf 89' lang='lat' dir='ltr'><strong>labentibus</strong></span> <span class='ocrx_word' id='word_1_170' title='bbox 906 3173 1007 3252; x_wconf 85' lang='lat' dir='ltr'><strong>annis,</strong></span> 
     </span>
    </p>
   </div>
   <div class='ocr_carea' id='block_1_7' title="bbox 86 3285 1279 4453">
    <p class='ocr_par' dir='ltr' id='par_1_13' title="bbox 86 3285 1279 4453">
     <span class='ocr_line' id='line_1_29' title="bbox 87 3285 1277 3362; baseline -0.003 -16"><span class='ocrx_word' id='word_1_171' title='bbox 87 3311 166 3362; x_wconf 80' lang='lat' dir='ltr'><strong>snper</strong></span> <span class='ocrx_word' id='word_1_172' title='bbox 183 3294 251 3344; x_wconf 80' lang='lat' dir='ltr'><strong>alins</strong></span> <span class='ocrx_word' id='word_1_173' title='bbox 268 3285 413 3343; x_wconf 82' lang='lat' dir='ltr'><strong>iaculantur</strong></span> <span class='ocrx_word' id='word_1_174' title='bbox 425 3291 536 3354; x_wconf 71' lang='lat' dir='ltr'><strong>besua!</strong></span> <span class='ocrx_word' id='word_1_175' title='bbox 571 3287 628 3342; x_wconf 80' lang='grc'><strong>749.</strong></span> <span class='ocrx_word' id='word_1_176' title='bbox 643 3290 683 3342; x_wconf 78' lang='lat' dir='ltr'><strong>ci.</strong></span> <span class='ocrx_word' id='word_1_177' title='bbox 701 3309 741 3344; x_wconf 87' lang='lat' dir='ltr'><strong>vs.</strong></span> <span class='ocrx_word' id='word_1_178' title='bbox 759 3290 811 3346; x_wconf 79' lang='lat'><strong>712</strong></span> <span class='ocrx_word' id='word_1_179' title='bbox 827 3300 854 3343; x_wconf 87' lang='lat' dir='ltr'><strong>et</strong></span> <span class='ocrx_word' id='word_1_180' title='bbox 870 3309 895 3342; x_wconf 86' lang='lat' dir='ltr'><strong>v.</strong></span> <span class='ocrx_word' id='word_1_181' title='bbox 913 3289 939 3353; x_wconf 79' lang='grc'><strong>3,</strong></span> <span class='ocrx_word' id='word_1_182' title='bbox 957 3289 999 3344; x_wconf 82' lang='grc'><strong>50.</strong></span> <span class='ocrx_word' id='word_1_183' title='bbox 1017 3320 1053 3330; x_wconf 91' lang='grc'>-</span> <span class='ocrx_word' id='word_1_184' title='bbox 1070 3292 1187 3358; x_wconf 62' lang='lat' dir='ltr'><strong>longum</strong></span> <span class='ocrx_word' id='word_1_185' title='bbox 1205 3293 1277 3357; x_wconf 79' lang='lat' dir='ltr'><strong>quasi</strong></span> 
     </span>
     <span class='ocr_line' id='line_1_30' title="bbox 88 3360 1277 3429; baseline -0.004 -14"><span class='ocrx_word' id='word_1_186' title='bbox 88 3365 163 3429; x_wconf 75' lang='lat' dir='ltr'><strong>longo</strong></span> <span class='ocrx_word' id='word_1_187' title='bbox 183 3364 285 3412; x_wconf 82' lang='lat' dir='ltr'><strong>haustu.</strong></span> <span class='ocrx_word' id='word_1_188' title='bbox 320 3362 402 3426; x_wconf 74' lang='lat' dir='ltr'><strong>Atque</strong></span> <span class='ocrx_word' id='word_1_189' title='bbox 420 3362 481 3411; x_wconf 85' lang='lat' dir='ltr'><strong>baec</strong></span> <span class='ocrx_word' id='word_1_190' title='bbox 498 3361 513 3412; x_wconf 84' lang='lat'><strong>1.</strong></span> <span class='ocrx_word' id='word_1_191' title='bbox 532 3362 553 3412; x_wconf 79' lang='lat' dir='ltr'><strong>b.</strong></span> <span class='ocrx_word' id='word_1_192' title='bbox 572 3376 624 3411; x_wconf 81' lang='lat' dir='ltr'><strong>arn.</strong></span> <span class='ocrx_word' id='word_1_193' title='bbox 650 3362 686 3412; x_wconf 86' lang='lat' dir='ltr'><strong>sic</strong></span> <span class='ocrx_word' id='word_1_194' title='bbox 703 3361 851 3428; x_wconf 81' lang='lat' dir='ltr'><strong>interposita</strong></span> <span class='ocrx_word' id='word_1_195' title='bbox 869 3362 1007 3424; x_wconf 68' lang='lat' dir='ltr'><strong>significant</strong></span> <span class='ocrx_word' id='word_1_196' title='bbox 1024 3375 1132 3412; x_wconf 84' lang='lat' dir='ltr'><strong>amorem</strong></span> <span class='ocrx_word' id='word_1_197' title='bbox 1150 3361 1203 3412; x_wconf 85' lang='lat' dir='ltr'><strong>eius</strong></span> <span class='ocrx_word' id='word_1_198' title='bbox 1220 3360 1277 3425; x_wconf 86' lang='lat' dir='ltr'><strong>plue</strong></span> 
     </span>
     <span class='ocr_line' id='line_1_31' title="bbox 103 3425 1276 3500; baseline -0.003 -18"><span class='ocrx_word' id='word_1_199' title='bbox 103 3433 195 3500; x_wconf 69' lang='lat' dir='ltr'><strong>lneque</strong></span> <span class='ocrx_word' id='word_1_200' title='bbox 222 3431 365 3480; x_wconf 85' lang='lat' dir='ltr'><strong>incrementi</strong></span> <span class='ocrx_word' id='word_1_201' title='bbox 389 3444 478 3495; x_wconf 84' lang='lat' dir='ltr'><strong>capere</strong></span> <span class='ocrx_word' id='word_1_202' title='bbox 502 3445 536 3481; x_wconf 87' lang='lat' dir='ltr'><strong>ex</strong></span> <span class='ocrx_word' id='word_1_203' title='bbox 557 3445 586 3480; x_wconf 89' lang='lat' dir='ltr'><strong>eo</strong></span> <span class='ocrx_word' id='word_1_204' title='bbox 611 3445 736 3493; x_wconf 82' lang='lat' dir='ltr'><strong>sermone,</strong></span> <span class='ocrx_word' id='word_1_205' title='bbox 766 3445 844 3495; x_wconf 82' lang='lat' dir='ltr'><strong>coque</strong></span> <span class='ocrx_word' id='word_1_206' title='bbox 868 3430 989 3481; x_wconf 85' lang='lat' dir='ltr'><strong>curiosius</strong></span> <span class='ocrx_word' id='word_1_207' title='bbox 1013 3430 1151 3492; x_wconf 74' lang='lat' dir='ltr'><strong>interrogat</strong></span> <span class='ocrx_word' id='word_1_208' title='bbox 1175 3425 1276 3497; x_wconf 71' lang='lat' dir='ltr'><strong>multa}</strong></span> 
     </span>
     <span class='ocr_line' id='line_1_32' title="bbox 86 3449 1203 3564; baseline -0.006 -14"><span class='ocrx_word' id='word_1_209' title='bbox 86 3449 149 3552; x_wconf 54' lang='lat'>351.</span> <span class='ocrx_word' id='word_1_210' title='bbox 167 3507 243 3552; x_wconf 80' lang='lat' dir='ltr'><strong>Aur.</strong></span> <span class='ocrx_word' id='word_1_211' title='bbox 253 3498 309 3564; x_wconf 77' lang='lat' dir='ltr'><strong>fit,</strong></span> <span class='ocrx_word' id='word_1_212' title='bbox 326 3495 445 3547; x_wconf 80' lang='lat' dir='ltr'><strong>Memnon.</strong></span> <span class='ocrx_word' id='word_1_213' title='bbox 1199 3522 1203 3528; x_wconf 93' lang='lat'>·</span> 
     </span>
     <span class='ocr_line' id='line_1_33' title="bbox 158 3563 1277 3632; baseline -0.005 -10"><span class='ocrx_word' id='word_1_214' title='bbox 158 3569 292 3622; x_wconf 65' lang='lat' dir='ltr'>Anda.</span> <span class='ocrx_word' id='word_1_215' title='bbox 310 3569 345 3616; x_wconf 82' lang='lat'><strong>1..</strong></span> <span class='ocrx_word' id='word_1_216' title='bbox 362 3571 406 3616; x_wconf 88' lang='lat'><strong>11.</strong></span> <span class='ocrx_word' id='word_1_217' title='bbox 443 3563 535 3618; x_wconf 86' lang='lat'>1-13.</span> <span class='ocrx_word' id='word_1_218' title='bbox 559 3564 665 3618; x_wconf 79' lang='lat' dir='ltr'><strong>Sileutrb</strong></span> <span class='ocrx_word' id='word_1_219' title='bbox 676 3565 759 3632; x_wconf 78' lang='lat' dir='ltr'><strong>sacto</strong></span> <span class='ocrx_word' id='word_1_220' title='bbox 774 3569 890 3627; x_wconf 77' lang='lat' dir='ltr'><strong>Aeneae,</strong></span> <span class='ocrx_word' id='word_1_221' title='bbox 907 3569 964 3622; x_wconf 77' lang='lat' dir='ltr'><strong>etsi,</strong></span> <span class='ocrx_word' id='word_1_222' title='bbox 976 3566 1064 3616; x_wconf 79' lang='lat' dir='ltr'><strong>luctus</strong></span> <span class='ocrx_word' id='word_1_223' title='bbox 1080 3565 1235 3632; x_wconf 75' lang='lat' dir='ltr'><strong>praepediat</strong></span> <span class='ocrx_word' id='word_1_224' title='bbox 1251 3569 1277 3616; x_wconf 85' lang='lat' dir='ltr'><strong>el</strong></span> 
     </span>
     <span class='ocr_line' id='line_1_34' title="bbox 90 3628 1277 3704; baseline -0.004 -15"><span class='ocrx_word' id='word_1_225' title='bbox 90 3653 144 3690; x_wconf 72' lang='lat' dir='ltr'><strong>nore</strong></span> <span class='ocrx_word' id='word_1_226' title='bbox 162 3637 201 3692; x_wconf 78' lang='lat' dir='ltr'><strong>ad</strong></span> <span class='ocrx_word' id='word_1_227' title='bbox 217 3637 335 3704; x_wconf 70' lang='lat' dir='ltr'><strong>quietem</strong></span> <span class='ocrx_word' id='word_1_228' title='bbox 351 3637 449 3693; x_wconf 76' lang='lat' dir='ltr'><strong>irruitet,</strong></span> <span class='ocrx_word' id='word_1_229' title='bbox 469 3639 556 3686; x_wconf 81' lang='lat' dir='ltr'><strong>tamen</strong></span> <span class='ocrx_word' id='word_1_230' title='bbox 573 3635 787 3702; x_wconf 72' lang='lat' dir='ltr'><strong>satisfacturum</strong></span> <span class='ocrx_word' id='word_1_231' title='bbox 802 3651 832 3686; x_wconf 78' lang='lat' dir='ltr'><strong>ee</strong></span> <span class='ocrx_word' id='word_1_232' title='bbox 848 3635 980 3686; x_wconf 61' lang='lat' dir='ltr'><strong>wectari</strong></span> <span class='ocrx_word' id='word_1_233' title='bbox 989 3633 1098 3685; x_wconf 60' lang='lat' dir='ltr'><strong>Moab</strong></span> <span class='ocrx_word' id='word_1_234' title='bbox 1113 3628 1277 3700; x_wconf 58' lang='lat' dir='ltr'><strong>profitetur]</strong></span> 
     </span>
     <span class='ocr_line' id='line_1_35' title="bbox 90 3697 1278 3770; baseline -0.006 -12"><span class='ocrx_word' id='word_1_235' title='bbox 90 3705 115 3758; x_wconf 94' lang='lat'><strong>1.</strong></span> <span class='ocrx_word' id='word_1_236' title='bbox 133 3707 232 3758; x_wconf 78' lang='lat' dir='ltr'><strong>intenti</strong></span> <span class='ocrx_word' id='word_1_237' title='bbox 255 3719 277 3753; x_wconf 90' lang='lat' dir='ltr'><strong>o.</strong></span> <span class='ocrx_word' id='word_1_238' title='bbox 303 3707 329 3767; x_wconf 83' lang='lat' dir='ltr'><strong>t,</strong></span> <span class='ocrx_word' id='word_1_239' title='bbox 353 3718 412 3768; x_wconf 75' lang='lat' dir='ltr'><strong>orgo</strong></span> <span class='ocrx_word' id='word_1_240' title='bbox 436 3709 465 3754; x_wconf 91' lang='lat' dir='ltr'><strong>ut</strong></span> <span class='ocrx_word' id='word_1_241' title='bbox 482 3703 561 3754; x_wconf 88' lang='lat' dir='ltr'><strong>solent</strong></span> <span class='ocrx_word' id='word_1_242' title='bbox 579 3703 677 3766; x_wconf 77' lang='lat' dir='ltr'><strong>intenti3</strong></span> <span class='ocrx_word' id='word_1_243' title='bbox 697 3703 721 3752; x_wconf 88' lang='lat' dir='ltr'><strong>in</strong></span> <span class='ocrx_word' id='word_1_244' title='bbox 740 3704 794 3768; x_wconf 84' lang='lat' dir='ltr'><strong>ipso</strong></span> <span class='ocrx_word' id='word_1_245' title='bbox 812 3719 856 3753; x_wconf 88' lang='lat' dir='ltr'><strong>ore</strong></span> <span class='ocrx_word' id='word_1_246' title='bbox 873 3702 1013 3770; x_wconf 69' lang='lat' dir='ltr'><strong>apparebat</strong></span> <span class='ocrx_word' id='word_1_247' title='bbox 1030 3700 1155 3767; x_wconf 73' lang='lat' dir='ltr'><strong>intentio!</strong></span> <span class='ocrx_word' id='word_1_248' title='bbox 1188 3697 1215 3752; x_wconf 57' lang='lat'>4</span> <span class='ocrx_word' id='word_1_249' title='bbox 1234 3705 1278 3752; x_wconf 82' lang='lat' dir='ltr'><strong>ut:</strong></span> 
     </span>
     <span class='ocr_line' id='line_1_36' title="bbox 91 3769 1279 3852; baseline -0.006 -24"><span class='ocrx_word' id='word_1_250' title='bbox 91 3780 232 3828; x_wconf 80' lang='lat' dir='ltr'><strong>renovetur</strong></span> <span class='ocrx_word' id='word_1_251' title='bbox 248 3769 320 3822; x_wconf 87' lang='lat' dir='ltr'><strong>dolor·</strong></span> <span class='ocrx_word' id='word_1_252' title='bbox 338 3770 436 3852; x_wconf 74' lang='lat' dir='ltr'><strong>Aeneae</strong></span> <span class='ocrx_word' id='word_1_253' title='bbox 453 3771 629 3822; x_wconf 81' lang='lat' dir='ltr'><strong>narrando</strong></span> <span class='ocrx_word' id='word_1_254' title='bbox 647 3786 721 3822; x_wconf 77' lang='lat' dir='ltr'><strong>rusum</strong></span> <span class='ocrx_word' id='word_1_255' title='bbox 740 3771 919 3832; x_wconf 67' lang='lat' dir='ltr'><strong>Troianorum</strong></span> <span class='ocrx_word' id='word_1_256' title='bbox 937 3772 1022 3836; x_wconf 72' lang='lat' dir='ltr'><strong>itaque</strong></span> <span class='ocrx_word' id='word_1_257' title='bbox 1039 3776 1071 3829; x_wconf 78' lang='lat' dir='ltr'><strong>ut</strong></span> <span class='ocrx_word' id='word_1_258' title='bbox 1081 3772 1188 3838; x_wconf 86' lang='lat' dir='ltr'><strong>ponitur,</strong></span> <span class='ocrx_word' id='word_1_259' title='bbox 1206 3771 1279 3836; x_wconf 79' lang='lat' dir='ltr'><strong>qussi</strong></span> 
     </span>
     <span class='ocr_line' id='line_1_37' title="bbox 92 3836 1279 3974; baseline -0.003 -12"><span class='ocrx_word' id='word_1_260' title='bbox 92 3836 1279 3974; x_wconf 57' lang='lat' dir='ltr'><strong>ttat‘llttttllnttzttllttlaltliniet·eitttcblt‘ttt</strong></span> 
     </span>
     <span class='ocr_line' id='line_1_38' title="bbox 90 3973 1279 4044; baseline -0.005 -12"><span class='ocrx_word' id='word_1_261' title='bbox 90 3977 265 4036; x_wconf 73' lang='lat' dir='ltr'><strong>mirandi5</strong></span> <span class='ocrx_word' id='word_1_262' title='bbox 283 3974 368 4040; x_wconf 81' lang='lat' dir='ltr'><strong>miror,</strong></span> <span class='ocrx_word' id='word_1_263' title='bbox 387 3977 445 4042; x_wconf 86' lang='lat' dir='ltr'><strong>quid</strong></span> <span class='ocrx_word' id='word_1_264' title='bbox 464 3977 515 4028; x_wconf 78' lang='lat' dir='ltr'><strong>sit?</strong></span> <span class='ocrx_word' id='word_1_265' title='bbox 533 3977 549 4026; x_wconf 91' lang='lat' dir='ltr'><strong>i.</strong></span> <span class='ocrx_word' id='word_1_266' title='bbox 568 3993 589 4028; x_wconf 89' lang='lat' dir='ltr'><strong>e.</strong></span> <span class='ocrx_word' id='word_1_267' title='bbox 608 3977 694 4039; x_wconf 84' lang='lat' dir='ltr'><strong>miror,</strong></span> <span class='ocrx_word' id='word_1_268' title='bbox 712 3991 769 4027; x_wconf 85' lang='lat' dir='ltr'><strong>nom</strong></span> <span class='ocrx_word' id='word_1_269' title='bbox 787 3977 876 4037; x_wconf 82' lang='lat' dir='ltr'><strong>nescio,</strong></span> <span class='ocrx_word' id='word_1_270' title='bbox 895 3977 953 4042; x_wconf 84' lang='lat' dir='ltr'><strong>qnid</strong></span> <span class='ocrx_word' id='word_1_271' title='bbox 971 3973 1028 4044; x_wconf 69' lang='lat' dir='ltr'><strong>sit}</strong></span> <span class='ocrx_word' id='word_1_272' title='bbox 1062 3973 1087 4027; x_wconf 86' lang='grc'><strong>6.</strong></span> <span class='ocrx_word' id='word_1_273' title='bbox 1099 3976 1201 4041; x_wconf 79' lang='lat' dir='ltr'><strong>fando,</strong></span> <span class='ocrx_word' id='word_1_274' title='bbox 1220 3977 1279 4026; x_wconf 72' lang='lat' dir='ltr'><strong>burn</strong></span> 
     </span>
     <span class='ocr_line' id='line_1_39' title="bbox 91 4041 1278 4112; baseline -0.003 -14"><span class='ocrx_word' id='word_1_275' title='bbox 91 4047 180 4107; x_wconf 62' lang='lat' dir='ltr'><strong>lutum</strong></span> <span class='ocrx_word' id='word_1_276' title='bbox 207 4045 322 4096; x_wconf 84' lang='lat' dir='ltr'><strong>similiter</strong></span> <span class='ocrx_word' id='word_1_277' title='bbox 347 4041 469 4107; x_wconf 49' lang='lat' dir='ltr'><strong>unua,</strong></span> <span class='ocrx_word' id='word_1_278' title='bbox 489 4041 523 4096; x_wconf 83' lang='lat'><strong>14</strong></span> <span class='ocrx_word' id='word_1_279' title='bbox 546 4043 611 4110; x_wconf 73' lang='lat' dir='ltr'><strong>„Qui</strong></span> <span class='ocrx_word' id='word_1_280' title='bbox 634 4047 719 4103; x_wconf 83' lang='lat' dir='ltr'><strong>molo,</strong></span> <span class='ocrx_word' id='word_1_281' title='bbox 743 4045 882 4109; x_wconf 79' lang='lat' dir='ltr'><strong>Saguntum</strong></span> <span class='ocrx_word' id='word_1_282' title='bbox 904 4047 1043 4112; x_wconf 72' lang='lat' dir='ltr'><strong>oppugnari</strong></span> <span class='ocrx_word' id='word_1_283' title='bbox 1065 4043 1278 4112; x_wconf 77' lang='lat' dir='ltr'><strong>indignando,</strong></span> 
     </span>
     <span class='ocr_line' id='line_1_40' title="bbox 91 4110 1278 4180; baseline -0.003 -14"><span class='ocrx_word' id='word_1_284' title='bbox 91 4113 201 4168; x_wconf 70' lang='lat' dir='ltr'><strong>seeum</strong></span> <span class='ocrx_word' id='word_1_285' title='bbox 219 4120 245 4166; x_wconf 80' lang='lat' dir='ltr'><strong>et</strong></span> <span class='ocrx_word' id='word_1_286' title='bbox 261 4113 321 4164; x_wconf 82' lang='lat' dir='ltr'><strong>deor</strong></span> <span class='ocrx_word' id='word_1_287' title='bbox 339 4114 496 4176; x_wconf 83' lang='lat' dir='ltr'><strong>ciebamus;“</strong></span> <span class='ocrx_word' id='word_1_288' title='bbox 520 4120 547 4164; x_wconf 85' lang='lat' dir='ltr'><strong>et</strong></span> <span class='ocrx_word' id='word_1_289' title='bbox 564 4115 629 4180; x_wconf 76' lang='lat' dir='ltr'><strong>opud</strong></span> <span class='ocrx_word' id='word_1_290' title='bbox 648 4115 752 4164; x_wconf 86' lang='lat' dir='ltr'><strong>cundem</strong></span> <span class='ocrx_word' id='word_1_291' title='bbox 769 4110 795 4175; x_wconf 82' lang='lat'><strong>8,</strong></span> <span class='ocrx_word' id='word_1_292' title='bbox 814 4111 846 4164; x_wconf 87' lang='grc'><strong>17</strong></span> <span class='ocrx_word' id='word_1_293' title='bbox 864 4112 948 4176; x_wconf 86' lang='lat' dir='ltr'><strong>„Novi</strong></span> <span class='ocrx_word' id='word_1_294' title='bbox 965 4115 1079 4164; x_wconf 81' lang='lat' dir='ltr'><strong>eonsules</strong></span> <span class='ocrx_word' id='word_1_295' title='bbox 1095 4113 1278 4180; x_wconf 72' lang='lat' dir='ltr'><strong>populando</strong></span> 
     </span>
     <span class='ocr_line' id='line_1_41' title="bbox 91 4174 1279 4251; baseline -0.002 -17"><span class='ocrx_word' id='word_1_296' title='bbox 91 4201 179 4251; x_wconf 77' lang='lat' dir='ltr'><strong>nsque</strong></span> <span class='ocrx_word' id='word_1_297' title='bbox 196 4183 227 4233; x_wconf 80' lang='lat' dir='ltr'><strong>al</strong></span> <span class='ocrx_word' id='word_1_298' title='bbox 245 4182 341 4232; x_wconf 82' lang='lat' dir='ltr'><strong>moenia</strong></span> <span class='ocrx_word' id='word_1_299' title='bbox 358 4190 433 4248; x_wconf 79' lang='lat' dir='ltr'><strong>atque</strong></span> <span class='ocrx_word' id='word_1_300' title='bbox 450 4183 537 4234; x_wconf 86' lang='lat' dir='ltr'><strong>urbem</strong></span> <span class='ocrx_word' id='word_1_301' title='bbox 555 4183 745 4250; x_wconf 86' lang='lat' dir='ltr'><strong>pervenerunt,“</strong></span> <span class='ocrx_word' id='word_1_302' title='bbox 764 4182 780 4232; x_wconf 84' lang='lat' dir='ltr'><strong>i.</strong></span> <span class='ocrx_word' id='word_1_303' title='bbox 793 4197 817 4247; x_wconf 77' lang='lat' dir='ltr'><strong>q.</strong></span> <span class='ocrx_word' id='word_1_304' title='bbox 836 4180 1025 4251; x_wconf 72' lang='lat' dir='ltr'><strong>populabundi}</strong></span> <span class='ocrx_word' id='word_1_305' title='bbox 1062 4174 1085 4232; x_wconf 89' lang='grc'><strong>7,</strong></span> <span class='ocrx_word' id='word_1_306' title='bbox 1105 4183 1201 4249; x_wconf 67' lang='lat' dir='ltr'><strong>repre.</strong></span> <span class='ocrx_word' id='word_1_307' title='bbox 1216 4178 1279 4241; x_wconf 57' lang='lat' dir='ltr'><strong>Del,</strong></span> 
     </span>
     <span class='ocr_line' id='line_1_42' title="bbox 91 4245 1277 4320; baseline -0.007 -16"><span class='ocrx_word' id='word_1_308' title='bbox 91 4253 169 4304; x_wconf 82' lang='lat' dir='ltr'><strong>Hom.</strong></span> <span class='ocrx_word' id='word_1_309' title='bbox 188 4249 216 4302; x_wconf 87' lang='lat' dir='ltr'><strong>ll.</strong></span> <span class='ocrx_word' id='word_1_310' title='bbox 234 4247 260 4313; x_wconf 74' lang='lat'><strong>2,</strong></span> <span class='ocrx_word' id='word_1_311' title='bbox 277 4245 337 4300; x_wconf 79' lang='lat'><strong>684.</strong></span> <span class='ocrx_word' id='word_1_312' title='bbox 356 4248 381 4312; x_wconf 83' lang='lat'><strong>9,</strong></span> <span class='ocrx_word' id='word_1_313' title='bbox 398 4247 475 4320; x_wconf 56' lang='lat'><strong>4844</strong></span> <span class='ocrx_word' id='word_1_314' title='bbox 508 4247 533 4302; x_wconf 85' lang='lat'><strong>9.</strong></span> <span class='ocrx_word' id='word_1_315' title='bbox 550 4253 721 4317; x_wconf 77' lang='lat' dir='ltr'><strong>praecipitat,</strong></span> <span class='ocrx_word' id='word_1_316' title='bbox 746 4251 895 4301; x_wconf 77' lang='lat' dir='ltr'><strong>descendeus</strong></span> <span class='ocrx_word' id='word_1_317' title='bbox 920 4251 944 4303; x_wconf 88' lang='lat' dir='ltr'><strong>ln</strong></span> <span class='ocrx_word' id='word_1_318' title='bbox 962 4248 1111 4317; x_wconf 70' lang='lat' dir='ltr'><strong>Oceanum!</strong></span> <span class='ocrx_word' id='word_1_319' title='bbox 1147 4248 1187 4300; x_wconf 75' lang='lat'><strong>12.</strong></span> <span class='ocrx_word' id='word_1_320' title='bbox 1204 4247 1277 4298; x_wconf 80' lang='lat' dir='ltr'><strong>Simi-</strong></span> 
     </span>
     <span class='ocr_line' id='line_1_43' title="bbox 91 4315 1146 4385; baseline -0.002 -13"><span class='ocrx_word' id='word_1_321' title='bbox 91 4321 154 4372; x_wconf 79' lang='lat' dir='ltr'><strong>liter</strong></span> <span class='ocrx_word' id='word_1_322' title='bbox 174 4318 274 4370; x_wconf 76' lang='lat' dir='ltr'><strong>Cicero:</strong></span> <span class='ocrx_word' id='word_1_323' title='bbox 293 4315 453 4385; x_wconf 77' lang='lat' dir='ltr'><strong>„Refugit</strong></span> <span class='ocrx_word' id='word_1_324' title='bbox 470 4321 600 4370; x_wconf 79' lang='lat' dir='ltr'><strong>animus</strong></span> <span class='ocrx_word' id='word_1_325' title='bbox 619 4333 697 4384; x_wconf 83' lang='lat' dir='ltr'><strong>eaque</strong></span> <span class='ocrx_word' id='word_1_326' title='bbox 715 4317 832 4370; x_wconf 74' lang='lat' dir='ltr'><strong>tormidet</strong></span> <span class='ocrx_word' id='word_1_327' title='bbox 849 4319 938 4381; x_wconf 75' lang='lat' dir='ltr'><strong>elicere,</strong></span> <span class='ocrx_word' id='word_1_328' title='bbox 955 4335 1019 4384; x_wconf 79' lang='lat' dir='ltr'><strong>quae</strong></span> <span class='ocrx_word' id='word_1_329' title='bbox 1035 4346 1070 4356; x_wconf 89' lang='lat'>-</span> <span class='ocrx_word' id='word_1_330' title='bbox 1086 4318 1146 4366; x_wconf 86' lang='lat'><strong>-.“</strong></span> 
     </span>
     <span class='ocr_line' id='line_1_44' title="bbox 166 4383 1271 4453; baseline 0 -15"><span class='ocrx_word' id='word_1_331' title='bbox 166 4383 294 4440; x_wconf 75' lang='lat'>13-199.</span> <span class='ocrx_word' id='word_1_332' title='bbox 330 4386 409 4441; x_wconf 77' lang='lat' dir='ltr'><strong>Dolus</strong></span> <span class='ocrx_word' id='word_1_333' title='bbox 434 4390 610 4446; x_wconf 64' lang='lat' dir='ltr'><strong>Graecorum</strong></span> <span class='ocrx_word' id='word_1_334' title='bbox 635 4403 717 4453; x_wconf 75' lang='lat' dir='ltr'><strong>equus</strong></span> <span class='ocrx_word' id='word_1_335' title='bbox 745 4384 887 4447; x_wconf 61' lang='lat' dir='ltr'><strong>Troianum</strong></span> <span class='ocrx_word' id='word_1_336' title='bbox 911 4389 1025 4440; x_wconf 64' lang='lat' dir='ltr'><strong>aaaron</strong></span> <span class='ocrx_word' id='word_1_337' title='bbox 1047 4385 1158 4438; x_wconf 72' lang='lat' dir='ltr'><strong>suono.</strong></span> <span class='ocrx_word' id='word_1_338' title='bbox 1267 4419 1271 4427; x_wconf 78' lang='lat'><strong>·</strong></span> 
     </span>
    </p>
   </div>
   <div class='ocr_carea' id='block_1_8' title="bbox 0 0 1493 4975">
    <p class='ocr_par' dir='ltr' id='par_1_14' title="bbox 0 0 1493 4975">
     <span class='ocr_line' id='line_1_45' title="bbox 0 0 1493 4975; baseline 0 0"><span class='ocrx_word' id='word_1_339' title='bbox 0 0 1493 4975; x_wconf 95' lang='lat' dir='ltr'><strong> </strong></span> 
     </span>
    </p>
   </div>
  </div>
 </body>
</html>
