<?xml version="1.0" encoding="UTF-8"?>
<!DOCTYPE html PUBLIC "-//W3C//DTD XHTML 1.0 Transitional//EN"
    "http://www.w3.org/TR/xhtml1/DTD/xhtml1-transitional.dtd">
<html xmlns="http://www.w3.org/1999/xhtml" xml:lang="en" lang="en">
 <head>
  <title>
</title>
<meta http-equiv="Content-Type" content="text/html;charset=utf-8" />
  <meta name='ocr-system' content='tesseract 3.04.00' />
  <meta name='ocr-capabilities' content='ocr_page ocr_carea ocr_par ocr_line ocrx_word'/>
</head>
<body>
  <div class='ocr_page' id='page_1' title='image "./carminabreviter00virggoog_0271.png"; bbox 0 0 2942 4975; ppageno 0'>
   <div class='ocr_carea' id='block_1_1' title="bbox 218 343 1021 414">
    <p class='ocr_par' dir='ltr' id='par_1_1' title="bbox 218 343 1021 414">
     <span class='ocr_line' id='line_1_1' title="bbox 218 343 1021 414; baseline 0.001 -1"><span class='ocrx_word' id='word_1_1' title='bbox 218 345 281 414; x_wconf 99' lang='grc'><strong>236</strong></span> <span class='ocrx_word' id='word_1_2' title='bbox 589 345 622 410; x_wconf 88' lang='grc' dir='ltr'><strong>Ρ.</strong></span> <span class='ocrx_word' id='word_1_3' title='bbox 644 343 809 410; x_wconf 85' lang='lat' dir='ltr'><strong>VIRGILI</strong></span> <span class='ocrx_word' id='word_1_4' title='bbox 831 344 1021 414; x_wconf 81' lang='lat' dir='ltr'><strong>MARONIS</strong></span> 
     </span>
    </p>
   </div>
   <div class='ocr_carea' id='block_1_2' title="bbox 203 529 1312 3255">
    <p class='ocr_par' dir='ltr' id='par_1_2' title="bbox 303 529 1189 614">
     <span class='ocr_line' id='line_1_2' title="bbox 303 529 1189 614; baseline 0.003 -16"><span class='ocrx_word' id='word_1_5' title='bbox 303 531 442 598; x_wconf 86' lang='lat' dir='ltr'><strong>Levibus</strong></span> <span class='ocrx_word' id='word_1_6' title='bbox 464 530 538 597; x_wconf 92' lang='lat' dir='ltr'><strong>huic</strong></span> <span class='ocrx_word' id='word_1_7' title='bbox 561 529 662 597; x_wconf 91' lang='lat' dir='ltr'><strong>hamis</strong></span> <span class='ocrx_word' id='word_1_8' title='bbox 685 535 864 596; x_wconf 78' lang='lat' dir='ltr'><strong>consertam</strong></span> <span class='ocrx_word' id='word_1_9' title='bbox 886 549 1030 614; x_wconf 91' lang='lat' dir='ltr'><strong>auroque</strong></span> <span class='ocrx_word' id='word_1_10' title='bbox 1051 533 1189 602; x_wconf 84' lang='lat' dir='ltr'>trilicem</span> 
     </span>
    </p>

    <p class='ocr_par' dir='ltr' id='par_1_3' title="bbox 214 616 1185 1040">
     <span class='ocr_line' id='line_1_3' title="bbox 214 616 1058 700; baseline 0.001 -17"><span class='ocrx_word' id='word_1_11' title='bbox 214 616 283 684; x_wconf 90' lang='grc'><strong>260</strong></span> <span class='ocrx_word' id='word_1_12' title='bbox 303 617 464 696; x_wconf 84' lang='lat' dir='ltr'><strong>Loricam,</strong></span> <span class='ocrx_word' id='word_1_13' title='bbox 487 631 582 698; x_wconf 90' lang='lat' dir='ltr'><strong>quam</strong></span> <span class='ocrx_word' id='word_1_14' title='bbox 605 616 760 682; x_wconf 83' lang='lat' dir='ltr'><strong>Demoleo</strong></span> <span class='ocrx_word' id='word_1_15' title='bbox 783 616 968 684; x_wconf 77' lang='lat' dir='ltr'><strong>detraxerat</strong></span> <span class='ocrx_word' id='word_1_16' title='bbox 988 618 1058 700; x_wconf 86' lang='lat' dir='ltr'><strong>ipse</strong></span> 
     </span>
     <span class='ocr_line' id='line_1_4' title="bbox 303 700 1139 785; baseline 0.005 -16"><span class='ocrx_word' id='word_1_17' title='bbox 303 701 416 769; x_wconf 88' lang='lat' dir='ltr'><strong>Victor</strong></span> <span class='ocrx_word' id='word_1_18' title='bbox 437 701 521 785; x_wconf 88' lang='lat' dir='ltr'><strong>apud</strong></span> <span class='ocrx_word' id='word_1_19' title='bbox 542 700 689 783; x_wconf 89' lang='lat' dir='ltr'><strong>rapidum</strong></span> <span class='ocrx_word' id='word_1_20' title='bbox 712 700 958 777; x_wconf 24' lang='lat' dir='ltr'><strong>Simoentaxsub</strong></span> <span class='ocrx_word' id='word_1_21' title='bbox 980 701 1040 768; x_wconf 90' lang='lat' dir='ltr'><strong>Ilio</strong></span> <span class='ocrx_word' id='word_1_22' title='bbox 1062 705 1139 785; x_wconf 86' lang='lat' dir='ltr'><strong>alto,</strong></span> 
     </span>
     <span class='ocr_line' id='line_1_5' title="bbox 303 785 1185 866; baseline 0.005 -13"><span class='ocrx_word' id='word_1_23' title='bbox 303 788 412 854; x_wconf 87' lang='lat' dir='ltr'><strong>Donat</strong></span> <span class='ocrx_word' id='word_1_24' title='bbox 433 786 552 852; x_wconf 90' lang='lat' dir='ltr'><strong>habere</strong></span> <span class='ocrx_word' id='word_1_25' title='bbox 574 785 656 866; x_wconf 83' lang='lat' dir='ltr'><strong>viro,</strong></span> <span class='ocrx_word' id='word_1_26' title='bbox 679 786 777 852; x_wconf 91' lang='lat' dir='ltr'><strong>decus</strong></span> <span class='ocrx_word' id='word_1_27' title='bbox 800 791 834 852; x_wconf 92' lang='lat' dir='ltr'><strong>et</strong></span> <span class='ocrx_word' id='word_1_28' title='bbox 856 790 1003 854; x_wconf 89' lang='lat' dir='ltr'><strong>tutamen</strong></span> <span class='ocrx_word' id='word_1_29' title='bbox 1025 788 1058 854; x_wconf 92' lang='lat' dir='ltr'><strong>in</strong></span> <span class='ocrx_word' id='word_1_30' title='bbox 1080 790 1185 857; x_wconf 89' lang='lat' dir='ltr'><strong>armis.</strong></span> 
     </span>
     <span class='ocr_line' id='line_1_6' title="bbox 303 869 1160 955; baseline 0.004 -16"><span class='ocrx_word' id='word_1_31' title='bbox 303 872 365 939; x_wconf 81' lang='lat' dir='ltr'><strong>Vix</strong></span> <span class='ocrx_word' id='word_1_32' title='bbox 386 871 474 938; x_wconf 90' lang='lat' dir='ltr'><strong>illam</strong></span> <span class='ocrx_word' id='word_1_33' title='bbox 496 869 607 938; x_wconf 84' lang='lat' dir='ltr'><strong>famuli</strong></span> <span class='ocrx_word' id='word_1_34' title='bbox 629 872 777 953; x_wconf 84' lang='lat' dir='ltr'><strong>Phegeus</strong></span> <span class='ocrx_word' id='word_1_35' title='bbox 799 870 991 955; x_wconf 79' lang='lat' dir='ltr'><strong>Sagarisque</strong></span> <span class='ocrx_word' id='word_1_36' title='bbox 1012 872 1160 942; x_wconf 79' lang='lat' dir='ltr'><strong>ferebant</strong></span> 
     </span>
     <span class='ocr_line' id='line_1_7' title="bbox 303 955 1163 1040; baseline 0.002 -17"><span class='ocrx_word' id='word_1_37' title='bbox 303 956 529 1040; x_wconf 83' lang='lat' dir='ltr'><strong>Multiplicem,</strong></span> <span class='ocrx_word' id='word_1_38' title='bbox 552 955 676 1022; x_wconf 84' lang='lat' dir='ltr'>connixi</span> <span class='ocrx_word' id='word_1_39' title='bbox 699 955 855 1036; x_wconf 83' lang='lat' dir='ltr'><strong>humeris3</strong></span> <span class='ocrx_word' id='word_1_40' title='bbox 876 957 1009 1027; x_wconf 90' lang='lat' dir='ltr'><strong>indutus</strong></span> <span class='ocrx_word' id='word_1_41' title='bbox 1030 964 1065 1025; x_wconf 90' lang='lat' dir='ltr'><strong>at</strong></span> <span class='ocrx_word' id='word_1_42' title='bbox 1087 960 1163 1026; x_wconf 92' lang='lat' dir='ltr'><strong>olim</strong></span> 
     </span>
    </p>

    <p class='ocr_par' dir='ltr' id='par_1_4' title="bbox 218 1041 1023 1125">
     <span class='ocr_line' id='line_1_8' title="bbox 218 1041 1023 1125; baseline 0 -17"><span class='ocrx_word' id='word_1_43' title='bbox 218 1041 282 1110; x_wconf 83' lang='grc'><strong>266</strong></span> <span class='ocrx_word' id='word_1_44' title='bbox 303 1043 475 1109; x_wconf 83' lang='lat' dir='ltr'><strong>Demoleos</strong></span> <span class='ocrx_word' id='word_1_45' title='bbox 498 1059 593 1108; x_wconf 90' lang='lat' dir='ltr'><strong>cursu</strong></span> <span class='ocrx_word' id='word_1_46' title='bbox 614 1041 753 1123; x_wconf 83' lang='lat' dir='ltr'><strong>palantis</strong></span> <span class='ocrx_word' id='word_1_47' title='bbox 775 1042 876 1108; x_wconf 73' lang='lat' dir='ltr'><strong>Troas</strong></span> <span class='ocrx_word' id='word_1_48' title='bbox 897 1042 1023 1125; x_wconf 86' lang='lat' dir='ltr'><strong>agebat.</strong></span> 
     </span>
    </p>

    <p class='ocr_par' dir='ltr' id='par_1_5' title="bbox 303 1123 1207 1464">
     <span class='ocr_line' id='line_1_9' title="bbox 305 1123 1098 1210; baseline 0.001 -17"><span class='ocrx_word' id='word_1_49' title='bbox 305 1127 415 1194; x_wconf 89' lang='lat' dir='ltr'><strong>Tertia</strong></span> <span class='ocrx_word' id='word_1_50' title='bbox 438 1126 522 1192; x_wconf 88' lang='lat' dir='ltr'><strong>dona</strong></span> <span class='ocrx_word' id='word_1_51' title='bbox 542 1123 619 1192; x_wconf 84' lang='lat' dir='ltr'><strong>facit</strong></span> <span class='ocrx_word' id='word_1_52' title='bbox 641 1126 784 1208; x_wconf 88' lang='lat' dir='ltr'><strong>geminos</strong></span> <span class='ocrx_word' id='word_1_53' title='bbox 808 1145 846 1192; x_wconf 81' lang='lat' dir='ltr'><strong>ex</strong></span> <span class='ocrx_word' id='word_1_54' title='bbox 868 1145 943 1192; x_wconf 89' lang='lat' dir='ltr'><strong>aere</strong></span> <span class='ocrx_word' id='word_1_55' title='bbox 965 1128 1098 1210; x_wconf 85' lang='lat' dir='ltr'><strong>lebetas,</strong></span> 
     </span>
     <span class='ocr_line' id='line_1_10' title="bbox 305 1211 1207 1298; baseline 0.002 -20"><span class='ocrx_word' id='word_1_56' title='bbox 305 1211 498 1296; x_wconf 86' lang='lat' dir='ltr'><strong>(lymbiaque</strong></span> <span class='ocrx_word' id='word_1_57' title='bbox 521 1216 654 1292; x_wconf 88' lang='lat' dir='ltr'><strong>argento</strong></span> <span class='ocrx_word' id='word_1_58' title='bbox 676 1211 822 1295; x_wconf 87' lang='lat' dir='ltr'><strong>perfecta</strong></span> <span class='ocrx_word' id='word_1_59' title='bbox 844 1216 941 1294; x_wconf 90' lang='lat' dir='ltr'><strong>atque</strong></span> <span class='ocrx_word' id='word_1_60' title='bbox 963 1231 1077 1296; x_wconf 86' lang='lat' dir='ltr'><strong>aspera</strong></span> <span class='ocrx_word' id='word_1_61' title='bbox 1098 1215 1207 1298; x_wconf 91' lang='lat' dir='ltr'><strong>signis.</strong></span> 
     </span>
     <span class='ocr_line' id='line_1_11' title="bbox 303 1295 1158 1383; baseline 0.004 -21"><span class='ocrx_word' id='word_1_62' title='bbox 303 1296 435 1379; x_wconf 90' lang='lat' dir='ltr'><strong>Iamque</strong></span> <span class='ocrx_word' id='word_1_63' title='bbox 457 1296 538 1362; x_wconf 92' lang='lat' dir='ltr'><strong>adeo</strong></span> <span class='ocrx_word' id='word_1_64' title='bbox 562 1295 672 1362; x_wconf 90' lang='lat' dir='ltr'><strong>donati</strong></span> <span class='ocrx_word' id='word_1_65' title='bbox 695 1315 806 1363; x_wconf 91' lang='lat' dir='ltr'><strong>omnes</strong></span> <span class='ocrx_word' id='word_1_66' title='bbox 829 1297 1005 1380; x_wconf 86' lang='lat' dir='ltr'><strong>opibusque</strong></span> <span class='ocrx_word' id='word_1_67' title='bbox 1027 1301 1158 1383; x_wconf 86' lang='lat' dir='ltr'><strong>superbi</strong></span> 
     </span>
     <span class='ocr_line' id='line_1_12' title="bbox 304 1381 1017 1464; baseline 0.003 -17"><span class='ocrx_word' id='word_1_68' title='bbox 304 1381 452 1448; x_wconf 89' lang='lat' dir='ltr'><strong>Puniceis</strong></span> <span class='ocrx_word' id='word_1_69' title='bbox 474 1381 564 1448; x_wconf 88' lang='lat' dir='ltr'><strong>ibant</strong></span> <span class='ocrx_word' id='word_1_70' title='bbox 587 1381 705 1448; x_wconf 86' lang='lat' dir='ltr'><strong>evincti</strong></span> <span class='ocrx_word' id='word_1_71' title='bbox 727 1383 1017 1464; x_wconf 70' lang='lat' dir='ltr'><strong>temperamentis,</strong></span> 
     </span>
    </p>

    <p class='ocr_par' dir='ltr' id='par_1_6' title="bbox 218 1465 1265 1893">
     <span class='ocr_line' id='line_1_13' title="bbox 218 1465 1160 1550; baseline 0.005 -18"><span class='ocrx_word' id='word_1_72' title='bbox 218 1465 282 1534; x_wconf 85' lang='grc'><strong>270</strong></span> <span class='ocrx_word' id='word_1_73' title='bbox 305 1466 384 1534; x_wconf 81' lang='lat' dir='ltr'><strong>Cum</strong></span> <span class='ocrx_word' id='word_1_74' title='bbox 406 1485 500 1533; x_wconf 86' lang='lat' dir='ltr'><strong>saevo</strong></span> <span class='ocrx_word' id='word_1_75' title='bbox 525 1484 542 1533; x_wconf 96' lang='lat' dir='ltr'><strong>e</strong></span> <span class='ocrx_word' id='word_1_76' title='bbox 564 1468 695 1550; x_wconf 86' lang='lat' dir='ltr'><strong>scopulo</strong></span> <span class='ocrx_word' id='word_1_77' title='bbox 718 1468 820 1534; x_wconf 87' lang='lat' dir='ltr'><strong>multa</strong></span> <span class='ocrx_word' id='word_1_78' title='bbox 840 1467 893 1532; x_wconf 84' lang='lat' dir='ltr'><strong>vix</strong></span> <span class='ocrx_word' id='word_1_79' title='bbox 914 1473 985 1534; x_wconf 89' lang='lat' dir='ltr'><strong>arte</strong></span> <span class='ocrx_word' id='word_1_80' title='bbox 1006 1470 1160 1550; x_wconf 82' lang='lat' dir='ltr'><strong>revolsus,</strong></span> 
     </span>
     <span class='ocr_line' id='line_1_14' title="bbox 304 1551 1043 1634; baseline 0.001 -16"><span class='ocrx_word' id='word_1_81' title='bbox 304 1551 438 1618; x_wconf 88' lang='lat' dir='ltr'><strong>Amissis</strong></span> <span class='ocrx_word' id='word_1_82' title='bbox 460 1552 556 1618; x_wconf 88' lang='lat' dir='ltr'><strong>remis</strong></span> <span class='ocrx_word' id='word_1_83' title='bbox 578 1558 675 1634; x_wconf 87' lang='lat' dir='ltr'><strong>atque</strong></span> <span class='ocrx_word' id='word_1_84' title='bbox 698 1552 811 1618; x_wconf 87' lang='lat' dir='ltr'><strong>ordine</strong></span> <span class='ocrx_word' id='word_1_85' title='bbox 833 1552 947 1619; x_wconf 91' lang='lat' dir='ltr'><strong>debilis</strong></span> <span class='ocrx_word' id='word_1_86' title='bbox 969 1572 1043 1633; x_wconf 89' lang='lat' dir='ltr'><strong>uno,</strong></span> 
     </span>
     <span class='ocr_line' id='line_1_15' title="bbox 304 1636 1141 1723; baseline 0.001 -19"><span class='ocrx_word' id='word_1_87' title='bbox 304 1637 440 1704; x_wconf 90' lang='lat' dir='ltr'><strong>inrisam</strong></span> <span class='ocrx_word' id='word_1_88' title='bbox 463 1637 531 1702; x_wconf 91' lang='lat' dir='ltr'><strong>sine</strong></span> <span class='ocrx_word' id='word_1_89' title='bbox 554 1637 675 1704; x_wconf 92' lang='lat' dir='ltr'><strong>honore</strong></span> <span class='ocrx_word' id='word_1_90' title='bbox 697 1641 801 1704; x_wconf 88' lang='lat' dir='ltr'><strong>ratem</strong></span> <span class='ocrx_word' id='word_1_91' title='bbox 824 1636 994 1721; x_wconf 79' lang='lat' dir='ltr'><strong>Sergestus</strong></span> <span class='ocrx_word' id='word_1_92' title='bbox 1016 1639 1141 1723; x_wconf 89' lang='lat' dir='ltr'><strong>agebat</strong></span> 
     </span>
     <span class='ocr_line' id='line_1_16' title="bbox 305 1722 1185 1807; baseline 0.003 -19"><span class='ocrx_word' id='word_1_93' title='bbox 305 1722 414 1801; x_wconf 85' lang='lat' dir='ltr'><strong>Qualis</strong></span> <span class='ocrx_word' id='word_1_94' title='bbox 436 1740 533 1805; x_wconf 88' lang='lat' dir='ltr'><strong>saepe</strong></span> <span class='ocrx_word' id='word_1_95' title='bbox 555 1722 625 1787; x_wconf 89' lang='lat' dir='ltr'><strong>viae</strong></span> <span class='ocrx_word' id='word_1_96' title='bbox 648 1723 825 1804; x_wconf 88' lang='lat' dir='ltr'><strong>deprensus</strong></span> <span class='ocrx_word' id='word_1_97' title='bbox 846 1723 879 1788; x_wconf 93' lang='lat' dir='ltr'><strong>in</strong></span> <span class='ocrx_word' id='word_1_98' title='bbox 901 1742 1021 1806; x_wconf 78' lang='lat' dir='ltr'><strong>aggere</strong></span> <span class='ocrx_word' id='word_1_99' title='bbox 1042 1743 1185 1807; x_wconf 81' lang='lat' dir='ltr'><strong>serpens,</strong></span> 
     </span>
     <span class='ocr_line' id='line_1_17' title="bbox 304 1807 1265 1893; baseline 0.004 -19"><span class='ocrx_word' id='word_1_100' title='bbox 304 1809 410 1874; x_wconf 91' lang='lat' dir='ltr'><strong>Aerea</strong></span> <span class='ocrx_word' id='word_1_101' title='bbox 431 1809 525 1890; x_wconf 86' lang='lat' dir='ltr'><strong>quem</strong></span> <span class='ocrx_word' id='word_1_102' title='bbox 548 1807 711 1888; x_wconf 92' lang='lat' dir='ltr'><strong>obliquum</strong></span> <span class='ocrx_word' id='word_1_103' title='bbox 733 1813 805 1874; x_wconf 85' lang='lat' dir='ltr'><strong>rota</strong></span> <span class='ocrx_word' id='word_1_104' title='bbox 826 1809 967 1890; x_wconf 87' lang='lat' dir='ltr'><strong>transiit,</strong></span> <span class='ocrx_word' id='word_1_105' title='bbox 989 1813 1046 1875; x_wconf 92' lang='lat' dir='ltr'><strong>aut</strong></span> <span class='ocrx_word' id='word_1_106' title='bbox 1067 1811 1172 1893; x_wconf 91' lang='lat' dir='ltr'><strong>gravis</strong></span> <span class='ocrx_word' id='word_1_107' title='bbox 1194 1811 1265 1878; x_wconf 91' lang='lat' dir='ltr'><strong>ictu</strong></span> 
     </span>
    </p>

    <p class='ocr_par' dir='ltr' id='par_1_7' title="bbox 218 1890 1158 2062">
     <span class='ocr_line' id='line_1_18' title="bbox 218 1890 1085 1976; baseline 0.006 -20"><span class='ocrx_word' id='word_1_108' title='bbox 218 1890 282 1959; x_wconf 82' lang='grc'><strong>276</strong></span> <span class='ocrx_word' id='word_1_109' title='bbox 305 1891 503 1958; x_wconf 83' lang='lat' dir='ltr'><strong>Seminecem</strong></span> <span class='ocrx_word' id='word_1_110' title='bbox 525 1891 619 1974; x_wconf 84' lang='lat' dir='ltr'><strong>liquit</strong></span> <span class='ocrx_word' id='word_1_111' title='bbox 641 1910 716 1958; x_wconf 86' lang='lat' dir='ltr'><strong>saxo</strong></span> <span class='ocrx_word' id='word_1_112' title='bbox 739 1893 945 1976; x_wconf 86' lang='lat' dir='ltr'><strong>lacerumque</strong></span> <span class='ocrx_word' id='word_1_113' title='bbox 967 1893 1085 1975; x_wconf 79' lang='lat' dir='ltr'><strong>viator3</strong></span> 
     </span>
     <span class='ocr_line' id='line_1_19' title="bbox 304 1975 1158 2062; baseline 0.004 -18"><span class='ocrx_word' id='word_1_114' title='bbox 304 1976 505 2059; x_wconf 85' lang='lat' dir='ltr'><strong>Nequiquam</strong></span> <span class='ocrx_word' id='word_1_115' title='bbox 526 1978 638 2060; x_wconf 90' lang='lat' dir='ltr'><strong>longos</strong></span> <span class='ocrx_word' id='word_1_116' title='bbox 660 1975 788 2060; x_wconf 81' lang='lat' dir='ltr'><strong>fugiens</strong></span> <span class='ocrx_word' id='word_1_117' title='bbox 811 1979 867 2044; x_wconf 92' lang='lat' dir='ltr'><strong>dat</strong></span> <span class='ocrx_word' id='word_1_118' title='bbox 889 1998 1023 2062; x_wconf 83' lang='lat' dir='ltr'><strong>corpore</strong></span> <span class='ocrx_word' id='word_1_119' title='bbox 1044 1984 1158 2061; x_wconf 87' lang='lat' dir='ltr'><strong>tortus,</strong></span> 
     </span>
    </p>

    <p class='ocr_par' dir='ltr' id='par_1_8' title="bbox 203 2061 1226 2319">
     <span class='ocr_line' id='line_1_20' title="bbox 203 2061 1141 2144; baseline 0.003 -16"><span class='ocrx_word' id='word_1_120' title='bbox 203 2079 206 2085; x_wconf 86' lang='lat'>·</span> <span class='ocrx_word' id='word_1_121' title='bbox 304 2063 400 2128; x_wconf 88' lang='lat' dir='ltr'><strong>Parte</strong></span> <span class='ocrx_word' id='word_1_122' title='bbox 422 2061 524 2142; x_wconf 83' lang='lat' dir='ltr'><strong>ferox,</strong></span> <span class='ocrx_word' id='word_1_123' title='bbox 547 2063 727 2144; x_wconf 78' lang='lat' dir='ltr'><strong>ardensque</strong></span> <span class='ocrx_word' id='word_1_124' title='bbox 751 2062 865 2143; x_wconf 88' lang='lat' dir='ltr'><strong>oculis,</strong></span> <span class='ocrx_word' id='word_1_125' title='bbox 888 2070 921 2130; x_wconf 90' lang='lat' dir='ltr'><strong>et</strong></span> <span class='ocrx_word' id='word_1_126' title='bbox 943 2064 1037 2131; x_wconf 91' lang='lat' dir='ltr'><strong>sibila</strong></span> <span class='ocrx_word' id='word_1_127' title='bbox 1058 2066 1141 2132; x_wconf 93' lang='lat' dir='ltr'><strong>colla</strong></span> 
     </span>
     <span class='ocr_line' id='line_1_21' title="bbox 305 2147 1226 2231; baseline 0.004 -18"><span class='ocrx_word' id='word_1_128' title='bbox 305 2147 432 2213; x_wconf 80' lang='lat' dir='ltr'><strong>Arduus</strong></span> <span class='ocrx_word' id='word_1_129' title='bbox 455 2147 622 2228; x_wconf 87' lang='lat' dir='ltr'><strong>attollens;</strong></span> <span class='ocrx_word' id='word_1_130' title='bbox 644 2166 719 2231; x_wconf 87' lang='lat' dir='ltr'><strong>para</strong></span> <span class='ocrx_word' id='word_1_131' title='bbox 741 2149 873 2218; x_wconf 88' lang='lat' dir='ltr'><strong>voluere</strong></span> <span class='ocrx_word' id='word_1_132' title='bbox 895 2150 1010 2216; x_wconf 85' lang='lat' dir='ltr'><strong>clauda</strong></span> <span class='ocrx_word' id='word_1_133' title='bbox 1031 2154 1177 2218; x_wconf 87' lang='lat' dir='ltr'><strong>retentat</strong></span> <span class='ocrx_word' id='word_1_134' title='bbox 1215 2197 1226 2208; x_wconf 83' lang='lat'><em>-</em></span> 
     </span>
     <span class='ocr_line' id='line_1_22' title="bbox 303 2232 1216 2319; baseline 0.004 -20"><span class='ocrx_word' id='word_1_135' title='bbox 303 2232 473 2300; x_wconf 83' lang='lat' dir='ltr'><strong>Nixantem</strong></span> <span class='ocrx_word' id='word_1_136' title='bbox 496 2233 589 2299; x_wconf 93' lang='lat' dir='ltr'><strong>nodis</strong></span> <span class='ocrx_word' id='word_1_137' title='bbox 611 2251 710 2314; x_wconf 92' lang='lat' dir='ltr'><strong>seque</strong></span> <span class='ocrx_word' id='word_1_138' title='bbox 731 2233 765 2299; x_wconf 93' lang='lat' dir='ltr'><strong>in</strong></span> <span class='ocrx_word' id='word_1_139' title='bbox 788 2252 847 2300; x_wconf 92' lang='lat' dir='ltr'><strong>sua</strong></span> <span class='ocrx_word' id='word_1_140' title='bbox 868 2235 1011 2302; x_wconf 90' lang='lat' dir='ltr'><strong>membra</strong></span> <span class='ocrx_word' id='word_1_141' title='bbox 1031 2236 1216 2319; x_wconf 87' lang='lat' dir='ltr'><strong>plicantem.</strong></span> 
     </span>
    </p>

    <p class='ocr_par' dir='ltr' id='par_1_9' title="bbox 218 2317 1205 2744">
     <span class='ocr_line' id='line_1_23' title="bbox 218 2317 1185 2401; baseline 0.001 -17"><span class='ocrx_word' id='word_1_142' title='bbox 218 2317 283 2384; x_wconf 85' lang='grc'><strong>230</strong></span> <span class='ocrx_word' id='word_1_143' title='bbox 305 2318 375 2384; x_wconf 88' lang='lat' dir='ltr'><strong>Tali</strong></span> <span class='ocrx_word' id='word_1_144' title='bbox 397 2317 529 2401; x_wconf 89' lang='lat' dir='ltr'><strong>remigio</strong></span> <span class='ocrx_word' id='word_1_145' title='bbox 552 2317 640 2385; x_wconf 87' lang='lat' dir='ltr'><strong>navis</strong></span> <span class='ocrx_word' id='word_1_146' title='bbox 662 2336 697 2384; x_wconf 89' lang='lat' dir='ltr'><strong>se</strong></span> <span class='ocrx_word' id='word_1_147' title='bbox 719 2319 813 2384; x_wconf 83' lang='lat' dir='ltr'><strong>tarda</strong></span> <span class='ocrx_word' id='word_1_148' title='bbox 834 2319 995 2400; x_wconf 84' lang='lat' dir='ltr'><strong>movebat3</strong></span> <span class='ocrx_word' id='word_1_149' title='bbox 1179 2371 1185 2377; x_wconf 92' lang='lat'><em>.</em></span> 
     </span>
     <span class='ocr_line' id='line_1_24' title="bbox 303 2402 1132 2490; baseline 0.004 -21"><span class='ocrx_word' id='word_1_150' title='bbox 303 2402 384 2470; x_wconf 81' lang='lat' dir='ltr'><strong>Vela</strong></span> <span class='ocrx_word' id='word_1_151' title='bbox 406 2403 483 2470; x_wconf 88' lang='lat' dir='ltr'><strong>lacit</strong></span> <span class='ocrx_word' id='word_1_152' title='bbox 504 2407 627 2485; x_wconf 89' lang='lat' dir='ltr'><strong>tamen,</strong></span> <span class='ocrx_word' id='word_1_153' title='bbox 651 2408 684 2470; x_wconf 88' lang='lat' dir='ltr'><strong>et</strong></span> <span class='ocrx_word' id='word_1_154' title='bbox 706 2403 786 2470; x_wconf 86' lang='lat' dir='ltr'><strong>velis</strong></span> <span class='ocrx_word' id='word_1_155' title='bbox 808 2404 894 2471; x_wconf 93' lang='lat' dir='ltr'><strong>subit</strong></span> <span class='ocrx_word' id='word_1_156' title='bbox 915 2405 1000 2471; x_wconf 93' lang='lat' dir='ltr'><strong>ostia</strong></span> <span class='ocrx_word' id='word_1_157' title='bbox 1020 2406 1132 2490; x_wconf 86' lang='lat' dir='ltr'><strong>plenis.</strong></span> 
     </span>
     <span class='ocr_line' id='line_1_25' title="bbox 303 2488 1099 2573; baseline 0.004 -18"><span class='ocrx_word' id='word_1_158' title='bbox 303 2488 488 2571; x_wconf 84' lang='lat' dir='ltr'><strong>Sergestum</strong></span> <span class='ocrx_word' id='word_1_159' title='bbox 510 2490 637 2557; x_wconf 88' lang='lat' dir='ltr'><strong>Aeneas</strong></span> <span class='ocrx_word' id='word_1_160' title='bbox 659 2490 814 2573; x_wconf 84' lang='lat' dir='ltr'><strong>promisso</strong></span> <span class='ocrx_word' id='word_1_161' title='bbox 837 2507 970 2557; x_wconf 91' lang='lat' dir='ltr'><strong>munere</strong></span> <span class='ocrx_word' id='word_1_162' title='bbox 993 2492 1099 2571; x_wconf 81' lang='lat' dir='ltr'><strong>donat,</strong></span> 
     </span>
     <span class='ocr_line' id='line_1_26' title="bbox 303 2574 1165 2658; baseline 0.005 -19"><span class='ocrx_word' id='word_1_163' title='bbox 303 2574 469 2641; x_wconf 87' lang='lat' dir='ltr'><strong>Servatam</strong></span> <span class='ocrx_word' id='word_1_164' title='bbox 491 2574 531 2640; x_wconf 95' lang='lat' dir='ltr'><strong>oh</strong></span> <span class='ocrx_word' id='word_1_165' title='bbox 554 2594 667 2641; x_wconf 87' lang='lat' dir='ltr'><strong>navem</strong></span> <span class='ocrx_word' id='word_1_166' title='bbox 689 2576 794 2641; x_wconf 88' lang='lat' dir='ltr'><strong>laetus</strong></span> <span class='ocrx_word' id='word_1_167' title='bbox 815 2574 982 2658; x_wconf 90' lang='lat' dir='ltr'><strong>sociosque</strong></span> <span class='ocrx_word' id='word_1_168' title='bbox 1003 2576 1165 2644; x_wconf 87' lang='lat' dir='ltr'><strong>reductos.</strong></span> 
     </span>
     <span class='ocr_line' id='line_1_27' title="bbox 303 2658 1205 2744; baseline 0.004 -19"><span class='ocrx_word' id='word_1_169' title='bbox 303 2658 368 2725; x_wconf 94' lang='lat' dir='ltr'><strong>Olli</strong></span> <span class='ocrx_word' id='word_1_170' title='bbox 390 2660 611 2739; x_wconf 68' lang='lat' dir='ltr'><strong>servabatur,</strong></span> <span class='ocrx_word' id='word_1_171' title='bbox 634 2678 767 2742; x_wconf 86' lang='lat' dir='ltr'><strong>operum</strong></span> <span class='ocrx_word' id='word_1_172' title='bbox 790 2660 876 2726; x_wconf 89' lang='lat' dir='ltr'><strong>haud</strong></span> <span class='ocrx_word' id='word_1_173' title='bbox 897 2661 1010 2744; x_wconf 83' lang='lat' dir='ltr'><strong>ignara</strong></span> <span class='ocrx_word' id='word_1_174' title='bbox 1031 2662 1205 2743; x_wconf 84' lang='lat' dir='ltr'><strong>Minervae,</strong></span> 
     </span>
    </p>

    <p class='ocr_par' dir='ltr' id='par_1_10' title="bbox 217 2742 1215 2829">
     <span class='ocr_line' id='line_1_28' title="bbox 217 2742 1215 2829; baseline 0.004 -20"><span class='ocrx_word' id='word_1_175' title='bbox 217 2742 281 2811; x_wconf 86' lang='grc'><strong>286</strong></span> <span class='ocrx_word' id='word_1_176' title='bbox 304 2743 418 2811; x_wconf 86' lang='lat' dir='ltr'><strong>Cressa</strong></span> <span class='ocrx_word' id='word_1_177' title='bbox 440 2762 553 2827; x_wconf 83' lang='lat' dir='ltr'><strong>genus,</strong></span> <span class='ocrx_word' id='word_1_178' title='bbox 575 2744 709 2825; x_wconf 82' lang='lat' dir='ltr'><strong>Pholoe,</strong></span> <span class='ocrx_word' id='word_1_179' title='bbox 732 2745 914 2829; x_wconf 90' lang='lat' dir='ltr'><strong>geminique</strong></span> <span class='ocrx_word' id='word_1_180' title='bbox 936 2748 994 2812; x_wconf 91' lang='lat' dir='ltr'><strong>sub</strong></span> <span class='ocrx_word' id='word_1_181' title='bbox 1017 2748 1117 2813; x_wconf 87' lang='lat' dir='ltr'><strong>ubere</strong></span> <span class='ocrx_word' id='word_1_182' title='bbox 1139 2749 1215 2815; x_wconf 86' lang='lat' dir='ltr'><strong>nati.</strong></span> 
     </span>
    </p>

    <p class='ocr_par' dir='ltr' id='par_1_11' title="bbox 302 2828 1312 3167">
     <span class='ocr_line' id='line_1_29' title="bbox 384 2828 1139 2911; baseline 0.004 -16"><span class='ocrx_word' id='word_1_183' title='bbox 384 2829 455 2895; x_wconf 91' lang='lat' dir='ltr'><strong>Hoc</strong></span> <span class='ocrx_word' id='word_1_184' title='bbox 476 2828 547 2911; x_wconf 89' lang='lat' dir='ltr'><strong>pius</strong></span> <span class='ocrx_word' id='word_1_185' title='bbox 569 2830 695 2895; x_wconf 86' lang='lat' dir='ltr'><strong>Aeneas</strong></span> <span class='ocrx_word' id='word_1_186' title='bbox 717 2830 814 2897; x_wconf 89' lang='lat' dir='ltr'><strong>misso</strong></span> <span class='ocrx_word' id='word_1_187' title='bbox 837 2832 1012 2898; x_wconf 88' lang='lat' dir='ltr'><strong>certamine</strong></span> <span class='ocrx_word' id='word_1_188' title='bbox 1033 2832 1139 2898; x_wconf 89' lang='lat' dir='ltr'><strong>tendit</strong></span> 
     </span>
     <span class='ocr_line' id='line_1_30' title="bbox 302 2913 1312 3000; baseline 0.007 -20"><span class='ocrx_word' id='word_1_189' title='bbox 302 2913 509 2980; x_wconf 83' lang='lat' dir='ltr'><strong>Gramineum</strong></span> <span class='ocrx_word' id='word_1_190' title='bbox 530 2914 563 2979; x_wconf 92' lang='lat' dir='ltr'><strong>in</strong></span> <span class='ocrx_word' id='word_1_191' title='bbox 586 2932 745 2997; x_wconf 84' lang='lat' dir='ltr'><strong>campum,</strong></span> <span class='ocrx_word' id='word_1_192' title='bbox 768 2934 864 2998; x_wconf 89' lang='lat' dir='ltr'><strong>quem</strong></span> <span class='ocrx_word' id='word_1_193' title='bbox 887 2917 1021 2983; x_wconf 91' lang='lat' dir='ltr'><strong>collibus</strong></span> <span class='ocrx_word' id='word_1_194' title='bbox 1043 2918 1185 3000; x_wconf 86' lang='lat' dir='ltr'><strong>undique</strong></span> <span class='ocrx_word' id='word_1_195' title='bbox 1207 2919 1312 2987; x_wconf 88' lang='lat' dir='ltr'><strong>curvis</strong></span> 
     </span>
     <span class='ocr_line' id='line_1_31' title="bbox 303 2997 1110 3083; baseline 0.002 -18"><span class='ocrx_word' id='word_1_196' title='bbox 303 2997 482 3081; x_wconf 76' lang='lat' dir='ltr'><strong>cingebant</strong></span> <span class='ocrx_word' id='word_1_197' title='bbox 504 2999 615 3079; x_wconf 84' lang='lat' dir='ltr'><strong>silvae,</strong></span> <span class='ocrx_word' id='word_1_198' title='bbox 638 3000 807 3083; x_wconf 88' lang='lat' dir='ltr'><strong>mediaque</strong></span> <span class='ocrx_word' id='word_1_199' title='bbox 828 3002 862 3066; x_wconf 89' lang='lat' dir='ltr'><strong>in</strong></span> <span class='ocrx_word' id='word_1_200' title='bbox 884 3002 969 3068; x_wconf 90' lang='lat' dir='ltr'><strong>valle</strong></span> <span class='ocrx_word' id='word_1_201' title='bbox 989 3002 1110 3069; x_wconf 85' lang='lat' dir='ltr'><strong>theatri</strong></span> 
     </span>
     <span class='ocr_line' id='line_1_32' title="bbox 302 3082 1156 3167; baseline 0.006 -18"><span class='ocrx_word' id='word_1_202' title='bbox 302 3082 412 3150; x_wconf 79' lang='lat' dir='ltr'><strong>Circus</strong></span> <span class='ocrx_word' id='word_1_203' title='bbox 436 3087 520 3165; x_wconf 89' lang='lat' dir='ltr'><strong>erat;</strong></span> <span class='ocrx_word' id='word_1_204' title='bbox 543 3104 605 3167; x_wconf 93' lang='lat' dir='ltr'><strong>quo</strong></span> <span class='ocrx_word' id='word_1_205' title='bbox 629 3102 663 3151; x_wconf 92' lang='lat' dir='ltr'><strong>se</strong></span> <span class='ocrx_word' id='word_1_206' title='bbox 684 3086 795 3151; x_wconf 90' lang='lat' dir='ltr'><strong>multis</strong></span> <span class='ocrx_word' id='word_1_207' title='bbox 817 3104 890 3152; x_wconf 92' lang='lat' dir='ltr'><strong>cum</strong></span> <span class='ocrx_word' id='word_1_208' title='bbox 911 3087 1039 3153; x_wconf 90' lang='lat' dir='ltr'><strong>mihbus</strong></span> <span class='ocrx_word' id='word_1_209' title='bbox 1060 3087 1156 3154; x_wconf 87' lang='lat' dir='ltr'><strong>heros</strong></span> 
     </span>
    </p>

    <p class='ocr_par' dir='ltr' id='par_1_12' title="bbox 218 3167 1124 3255">
     <span class='ocr_line' id='line_1_33' title="bbox 218 3167 1124 3255; baseline 0.004 -20"><span class='ocrx_word' id='word_1_210' title='bbox 218 3168 283 3235; x_wconf 87' lang='grc'><strong>290</strong></span> <span class='ocrx_word' id='word_1_211' title='bbox 305 3167 464 3235; x_wconf 84' lang='lat' dir='ltr'><strong>Consessu</strong></span> <span class='ocrx_word' id='word_1_212' title='bbox 485 3170 625 3237; x_wconf 90' lang='lat' dir='ltr'><strong>medium</strong></span> <span class='ocrx_word' id='word_1_213' title='bbox 647 3170 724 3237; x_wconf 89' lang='lat' dir='ltr'><strong>tulit</strong></span> <span class='ocrx_word' id='word_1_214' title='bbox 747 3175 973 3255; x_wconf 84' lang='lat' dir='ltr'><strong>exstructoque</strong></span> <span class='ocrx_word' id='word_1_215' title='bbox 994 3171 1124 3240; x_wconf 87' lang='lat' dir='ltr'><strong>resedit.</strong></span> 
     </span>
    </p>
   </div>
   <div class='ocr_carea' id='block_1_3' title="bbox 188 3347 1456 4444">
    <p class='ocr_par' dir='ltr' id='par_1_13' title="bbox 216 3347 1456 3557">
     <span class='ocr_line' id='line_1_34' title="bbox 216 3347 1456 3423; baseline 0.005 -25"><span class='ocrx_word' id='word_1_216' title='bbox 216 3355 354 3413; x_wconf 65' lang='lat' dir='ltr'><strong>tranantem,</strong></span> <span class='ocrx_word' id='word_1_217' title='bbox 372 3347 452 3399; x_wconf 84' lang='lat' dir='ltr'><strong>altera</strong></span> <span class='ocrx_word' id='word_1_218' title='bbox 470 3348 502 3399; x_wconf 87' lang='lat' dir='ltr'><strong>ab</strong></span> <span class='ocrx_word' id='word_1_219' title='bbox 522 3349 604 3415; x_wconf 87' lang='lat' dir='ltr'><strong>aquila</strong></span> <span class='ocrx_word' id='word_1_220' title='bbox 622 3355 720 3417; x_wconf 82' lang='lat' dir='ltr'><strong>ruptum</strong></span> <span class='ocrx_word' id='word_1_221' title='bbox 739 3366 766 3401; x_wconf 87' lang='lat' dir='ltr'><strong>re</strong></span> <span class='ocrx_word' id='word_1_222' title='bbox 784 3358 952 3421; x_wconf 66' lang='lat' dir='ltr'><strong>mesentana!</strong></span> <span class='ocrx_word' id='word_1_223' title='bbox 984 3348 1044 3403; x_wconf 82' lang='grc'><strong>269.</strong></span> <span class='ocrx_word' id='word_1_224' title='bbox 1063 3366 1088 3402; x_wconf 90' lang='lat' dir='ltr'><strong>v.</strong></span> <span class='ocrx_word' id='word_1_225' title='bbox 1106 3348 1133 3416; x_wconf 90' lang='grc'><strong>3,</strong></span> <span class='ocrx_word' id='word_1_226' title='bbox 1144 3348 1219 3423; x_wconf 72' lang='lat' dir='ltr'><strong>utiq</strong></span> <span class='ocrx_word' id='word_1_227' title='bbox 1253 3349 1312 3403; x_wconf 91' lang='grc'><strong>261.</strong></span> <span class='ocrx_word' id='word_1_228' title='bbox 1329 3350 1390 3404; x_wconf 72' lang='lat' dir='ltr'><strong>ull</strong></span> <span class='ocrx_word' id='word_1_229' title='bbox 1455 3393 1456 3398; x_wconf 55' lang='grc'><strong>,</strong></span> 
     </span>
     <span class='ocr_line' id='line_1_35' title="bbox 216 3366 1391 3541; baseline 0.002 -72"><span class='ocrx_word' id='word_1_230' title='bbox 216 3414 242 3483; x_wconf 87' lang='grc'><strong>3,</strong></span> <span class='ocrx_word' id='word_1_231' title='bbox 261 3413 315 3479; x_wconf 93' lang='grc' dir='ltr'><strong>79.Ι</strong></span> <span class='ocrx_word' id='word_1_232' title='bbox 350 3413 410 3471; x_wconf 87' lang='grc'><strong>262.</strong></span> <span class='ocrx_word' id='word_1_233' title='bbox 429 3432 454 3468; x_wconf 81' lang='grc' dir='ltr'><strong>ν.</strong></span> <span class='ocrx_word' id='word_1_234' title='bbox 475 3432 513 3469; x_wconf 87' lang='lat' dir='ltr'><strong>vs.</strong></span> <span class='ocrx_word' id='word_1_235' title='bbox 532 3414 605 3479; x_wconf 81' lang='grc'><strong>6211</strong></span> <span class='ocrx_word' id='word_1_236' title='bbox 641 3414 700 3471; x_wconf 86' lang='grc'><strong>264.</strong></span> <span class='ocrx_word' id='word_1_237' title='bbox 719 3366 805 3484; x_wconf 70' lang='grc'><strong>07071,</strong></span> <span class='ocrx_word' id='word_1_238' title='bbox 823 3420 933 3499; x_wconf 73' lang='lat' dir='ltr'><strong>plurimis</strong></span> <span class='ocrx_word' id='word_1_239' title='bbox 952 3419 1049 3499; x_wconf 74' lang='lat' dir='ltr'><strong>annulis</strong></span> <span class='ocrx_word' id='word_1_240' title='bbox 1066 3421 1230 3478; x_wconf 69' lang='lat' dir='ltr'><strong>consutam!</strong></span> <span class='ocrx_word' id='word_1_241' title='bbox 1264 3417 1323 3473; x_wconf 89' lang='grc'><strong>267.</strong></span> <span class='ocrx_word' id='word_1_242' title='bbox 1338 3434 1391 3541; x_wconf 40' lang='grc' dir='ltr'><strong><em>ᾗ</em></strong></span> 
     </span>
     <span class='ocr_line' id='line_1_36' title="bbox 217 3481 1306 3557; baseline 0.003 -20"><span class='ocrx_word' id='word_1_243' title='bbox 217 3502 248 3549; x_wconf 73' lang='lat' dir='ltr'><strong>a,</strong></span> <span class='ocrx_word' id='word_1_244' title='bbox 268 3484 341 3551; x_wconf 83' lang='lat' dir='ltr'><strong>anagl</strong></span> <span class='ocrx_word' id='word_1_245' title='bbox 362 3486 422 3553; x_wconf 80' lang='lat' dir='ltr'><strong>phn3</strong></span> <span class='ocrx_word' id='word_1_246' title='bbox 441 3482 540 3537; x_wconf 87' lang='lat' dir='ltr'><strong>Pindar.</strong></span> <span class='ocrx_word' id='word_1_247' title='bbox 560 3485 644 3538; x_wconf 86' lang='lat' dir='ltr'><strong>istim.</strong></span> <span class='ocrx_word' id='word_1_248' title='bbox 663 3484 688 3551; x_wconf 89' lang='grc'><strong>6,</strong></span> <span class='ocrx_word' id='word_1_249' title='bbox 707 3481 742 3539; x_wconf 81' lang='grc'><strong>58</strong></span> <span class='ocrx_word' id='word_1_250' title='bbox 758 3523 776 3551; x_wconf 90' lang='lat'>„</span> <span class='ocrx_word' id='word_1_251' title='bbox 802 3486 885 3541; x_wconf 70' lang='lat' dir='ltr'><strong>cuiun</strong></span> <span class='ocrx_word' id='word_1_252' title='bbox 899 3500 1024 3556; x_wconf 83' lang='grc' dir='ltr'><em>χρυσῳ</em></span> <span class='ocrx_word' id='word_1_253' title='bbox 1043 3486 1306 3557; x_wconf 81' lang='grc' dir='ltr'><strong>πεφρικυῖαν.“Ι</strong></span> 
     </span>
    </p>

    <p class='ocr_par' dir='ltr' id='par_1_14' title="bbox 188 3503 1394 4231">
     <span class='ocr_line' id='line_1_37' title="bbox 217 3503 1391 3623; baseline 0.003 -19"><span class='ocrx_word' id='word_1_254' title='bbox 217 3569 242 3604; x_wconf 88' lang='lat' dir='ltr'><strong>v.</strong></span> <span class='ocrx_word' id='word_1_255' title='bbox 260 3551 285 3619; x_wconf 83' lang='lat'><strong>4,</strong></span> <span class='ocrx_word' id='word_1_256' title='bbox 356 3552 376 3621; x_wconf 84' lang='grc' dir='ltr'><strong>,Ι</strong></span> <span class='ocrx_word' id='word_1_257' title='bbox 411 3550 470 3605; x_wconf 91' lang='grc'><strong>269.</strong></span> <span class='ocrx_word' id='word_1_258' title='bbox 489 3556 584 3607; x_wconf 75' lang='lat' dir='ltr'><strong>tuentia</strong></span> <span class='ocrx_word' id='word_1_259' title='bbox 602 3556 721 3607; x_wconf 79' lang='lat' dir='ltr'><strong>extremis</strong></span> <span class='ocrx_word' id='word_1_260' title='bbox 738 3503 844 3623; x_wconf 57' lang='lat' dir='ltr'><strong>aleabio</strong></span> <span class='ocrx_word' id='word_1_261' title='bbox 861 3558 884 3607; x_wconf 87' lang='lat' dir='ltr'><strong>io</strong></span> <span class='ocrx_word' id='word_1_262' title='bbox 901 3571 975 3608; x_wconf 85' lang='lat' dir='ltr'><strong>naam</strong></span> <span class='ocrx_word' id='word_1_263' title='bbox 993 3557 1135 3622; x_wconf 74' lang='lat' dir='ltr'><strong>monacus,</strong></span> <span class='ocrx_word' id='word_1_264' title='bbox 1152 3564 1181 3608; x_wconf 84' lang='lat' dir='ltr'><strong>ut</strong></span> <span class='ocrx_word' id='word_1_265' title='bbox 1194 3558 1219 3609; x_wconf 88' lang='lat' dir='ltr'><strong>iu</strong></span> <span class='ocrx_word' id='word_1_266' title='bbox 1234 3558 1352 3611; x_wconf 72' lang='lat' dir='ltr'><strong>Paeoniis</strong></span> <span class='ocrx_word' id='word_1_267' title='bbox 1369 3554 1391 3619; x_wconf 89' lang='grc'><strong>7,</strong></span> 
     </span>
     <span class='ocr_line' id='line_1_38' title="bbox 217 3616 1391 3695; baseline 0.003 -24"><span class='ocrx_word' id='word_1_268' title='bbox 217 3616 276 3673; x_wconf 86' lang='grc'><strong>769.</strong></span> <span class='ocrx_word' id='word_1_269' title='bbox 312 3621 412 3675; x_wconf 82' lang='lat' dir='ltr'><strong>Taenilc</strong></span> <span class='ocrx_word' id='word_1_270' title='bbox 430 3628 512 3675; x_wconf 86' lang='lat' dir='ltr'><strong>eutem</strong></span> <span class='ocrx_word' id='word_1_271' title='bbox 529 3623 721 3691; x_wconf 82' lang='lat' dir='ltr'><strong>religetesputa</strong></span> <span class='ocrx_word' id='word_1_272' title='bbox 739 3638 845 3676; x_wconf 84' lang='lat' dir='ltr'><strong>coronas</strong></span> <span class='ocrx_word' id='word_1_273' title='bbox 861 3641 900 3676; x_wconf 80' lang='lat' dir='ltr'><strong>rs.</strong></span> <span class='ocrx_word' id='word_1_274' title='bbox 913 3622 964 3677; x_wconf 86' lang='lat'><strong>110</strong></span> <span class='ocrx_word' id='word_1_275' title='bbox 975 3631 1002 3677; x_wconf 85' lang='lat' dir='ltr'><strong>ct</strong></span> <span class='ocrx_word' id='word_1_276' title='bbox 1013 3621 1065 3677; x_wconf 82' lang='lat'><strong>494</strong></span> <span class='ocrx_word' id='word_1_277' title='bbox 1082 3623 1311 3695; x_wconf 68' lang='lat' dir='ltr'><strong>commemoratae}</strong></span> <span class='ocrx_word' id='word_1_278' title='bbox 1338 3622 1391 3677; x_wconf 90' lang='grc'><strong>271.</strong></span> 
     </span>
     <span class='ocr_line' id='line_1_39' title="bbox 218 3688 1391 3761; baseline 0 -19"><span class='ocrx_word' id='word_1_279' title='bbox 218 3688 310 3742; x_wconf 82' lang='lat' dir='ltr'><strong>ardiae</strong></span> <span class='ocrx_word' id='word_1_280' title='bbox 331 3692 478 3757; x_wconf 72' lang='lat' dir='ltr'><strong>remorum}</strong></span> <span class='ocrx_word' id='word_1_281' title='bbox 516 3689 575 3744; x_wconf 88' lang='grc'><strong>273.</strong></span> <span class='ocrx_word' id='word_1_282' title='bbox 598 3707 688 3761; x_wconf 81' lang='lat' dir='ltr'><strong>caepa,</strong></span> <span class='ocrx_word' id='word_1_283' title='bbox 710 3709 736 3743; x_wconf 86' lang='lat' dir='ltr'><strong>v.</strong></span> <span class='ocrx_word' id='word_1_284' title='bbox 754 3693 785 3746; x_wconf 79' lang='lat' dir='ltr'><strong>A.</strong></span> <span class='ocrx_word' id='word_1_285' title='bbox 810 3690 836 3758; x_wconf 94' lang='lat'><strong>1,</strong></span> <span class='ocrx_word' id='word_1_286' title='bbox 860 3689 918 3746; x_wconf 78' lang='lat'>148.</span> <span class='ocrx_word' id='word_1_287' title='bbox 936 3720 970 3731; x_wconf 89' lang='lat'><em>-</em></span> <span class='ocrx_word' id='word_1_288' title='bbox 985 3694 1093 3759; x_wconf 77' lang='lat' dir='ltr'><strong>Agger-ia</strong></span> <span class='ocrx_word' id='word_1_289' title='bbox 1115 3694 1198 3745; x_wconf 79' lang='lat' dir='ltr'><strong>instar</strong></span> <span class='ocrx_word' id='word_1_290' title='bbox 1215 3702 1289 3747; x_wconf 84' lang='lat' dir='ltr'><strong>eraut</strong></span> <span class='ocrx_word' id='word_1_291' title='bbox 1310 3697 1391 3747; x_wconf 73' lang='lat' dir='ltr'><strong>viror</strong></span> 
     </span>
     <span class='ocr_line' id='line_1_40' title="bbox 217 3756 1393 3828; baseline 0.005 -19"><span class='ocrx_word' id='word_1_292' title='bbox 217 3756 332 3809; x_wconf 81' lang='lat' dir='ltr'><strong>homenis</strong></span> <span class='ocrx_word' id='word_1_293' title='bbox 349 3760 480 3821; x_wconf 70' lang='lat' dir='ltr'><strong>munitae!</strong></span> <span class='ocrx_word' id='word_1_294' title='bbox 516 3757 567 3811; x_wconf 89' lang='grc'><strong>274</strong></span> <span class='ocrx_word' id='word_1_295' title='bbox 585 3775 621 3827; x_wconf 90' lang='lat' dir='ltr'><strong>sq.</strong></span> <span class='ocrx_word' id='word_1_296' title='bbox 639 3775 716 3826; x_wconf 80' lang='lat' dir='ltr'><strong>grau</strong></span> <span class='ocrx_word' id='word_1_297' title='bbox 734 3764 796 3828; x_wconf 74' lang='lat' dir='ltr'><strong>ictu,</strong></span> <span class='ocrx_word' id='word_1_298' title='bbox 814 3760 873 3815; x_wconf 85' lang='lat' dir='ltr'><strong>lorti</strong></span> <span class='ocrx_word' id='word_1_299' title='bbox 885 3762 936 3814; x_wconf 85' lang='lat' dir='ltr'><strong>ictu</strong></span> <span class='ocrx_word' id='word_1_300' title='bbox 948 3778 1023 3825; x_wconf 76' lang='lat' dir='ltr'><strong>ucua3</strong></span> <span class='ocrx_word' id='word_1_301' title='bbox 1042 3762 1110 3813; x_wconf 86' lang='lat' dir='ltr'><strong>cuius</strong></span> <span class='ocrx_word' id='word_1_302' title='bbox 1123 3768 1206 3815; x_wconf 77' lang='lat' dir='ltr'><strong>autem</strong></span> <span class='ocrx_word' id='word_1_303' title='bbox 1218 3763 1316 3828; x_wconf 75' lang='lat' dir='ltr'><strong>gennis</strong></span> <span class='ocrx_word' id='word_1_304' title='bbox 1325 3761 1393 3815; x_wconf 72' lang='lat' dir='ltr'><strong>tuam</strong></span> 
     </span>
     <span class='ocr_line' id='line_1_41' title="bbox 188 3825 1392 3899; baseline 0.004 -23"><span class='ocrx_word' id='word_1_305' title='bbox 188 3847 190 3853; x_wconf 45' lang='lat'><strong>¹</strong></span> <span class='ocrx_word' id='word_1_306' title='bbox 217 3826 239 3877; x_wconf 85' lang='lat' dir='ltr'><strong>ir</strong></span> <span class='ocrx_word' id='word_1_307' title='bbox 256 3825 331 3889; x_wconf 85' lang='lat' dir='ltr'><strong>lctus,</strong></span> <span class='ocrx_word' id='word_1_308' title='bbox 354 3827 446 3879; x_wconf 85' lang='lat' dir='ltr'><strong>indicat</strong></span> <span class='ocrx_word' id='word_1_309' title='bbox 463 3829 585 3881; x_wconf 87' lang='lat' dir='ltr'><strong>adiectum</strong></span> <span class='ocrx_word' id='word_1_310' title='bbox 604 3844 687 3895; x_wconf 77' lang='lat' dir='ltr'><strong>cauo,</strong></span> <span class='ocrx_word' id='word_1_311' title='bbox 711 3830 777 3897; x_wconf 91' lang='lat' dir='ltr'><strong>quod</strong></span> <span class='ocrx_word' id='word_1_312' title='bbox 799 3829 889 3899; x_wconf 79' lang='lat' dir='ltr'><strong>pendat</strong></span> <span class='ocrx_word' id='word_1_313' title='bbox 909 3844 941 3881; x_wconf 82' lang='lat' dir='ltr'><strong>ex</strong></span> <span class='ocrx_word' id='word_1_314' title='bbox 963 3828 1138 3887; x_wconf 64' lang='lat' dir='ltr'><strong>amaeam!</strong></span> <span class='ocrx_word' id='word_1_315' title='bbox 1172 3828 1233 3885; x_wconf 88' lang='grc'><strong>276.</strong></span> <span class='ocrx_word' id='word_1_316' title='bbox 1251 3830 1313 3883; x_wconf 79' lang='lat' dir='ltr'><strong>dat:</strong></span> <span class='ocrx_word' id='word_1_317' title='bbox 1334 3831 1392 3883; x_wconf 76' lang='lat' dir='ltr'><strong>dan</strong></span> 
     </span>
     <span class='ocr_line' id='line_1_42' title="bbox 218 3892 1393 3965; baseline 0.004 -21"><span class='ocrx_word' id='word_1_318' title='bbox 218 3892 283 3961; x_wconf 81' lang='lat' dir='ltr'><strong>apud</strong></span> <span class='ocrx_word' id='word_1_319' title='bbox 301 3900 387 3959; x_wconf 79' lang='lat' dir='ltr'><strong>poetar</strong></span> <span class='ocrx_word' id='word_1_320' title='bbox 406 3910 480 3965; x_wconf 80' lang='lat' dir='ltr'><strong>saepe</strong></span> <span class='ocrx_word' id='word_1_321' title='bbox 497 3903 537 3949; x_wconf 88' lang='lat' dir='ltr'><strong>ast</strong></span> <span class='ocrx_word' id='word_1_322' title='bbox 552 3898 688 3963; x_wconf 81' lang='lat' dir='ltr'><strong>socero,</strong></span> <span class='ocrx_word' id='word_1_323' title='bbox 711 3899 755 3951; x_wconf 87' lang='lat' dir='ltr'><strong>scd</strong></span> <span class='ocrx_word' id='word_1_324' title='bbox 772 3898 821 3963; x_wconf 86' lang='lat' dir='ltr'><strong>ita,</strong></span> <span class='ocrx_word' id='word_1_325' title='bbox 843 3906 872 3951; x_wconf 82' lang='lat' dir='ltr'><strong>ut</strong></span> <span class='ocrx_word' id='word_1_326' title='bbox 888 3914 919 3950; x_wconf 84' lang='lat' dir='ltr'><strong>ea</strong></span> <span class='ocrx_word' id='word_1_327' title='bbox 936 3913 985 3960; x_wconf 85' lang='lat' dir='ltr'><strong>res,</strong></span> <span class='ocrx_word' id='word_1_328' title='bbox 1004 3914 1067 3965; x_wconf 86' lang='lat' dir='ltr'><strong>quac</strong></span> <span class='ocrx_word' id='word_1_329' title='bbox 1085 3898 1127 3957; x_wconf 82' lang='lat' dir='ltr'><strong>dr,</strong></span> <span class='ocrx_word' id='word_1_330' title='bbox 1149 3899 1236 3951; x_wconf 82' lang='lat' dir='ltr'><strong>oculos</strong></span> <span class='ocrx_word' id='word_1_331' title='bbox 1258 3899 1300 3951; x_wconf 86' lang='lat' dir='ltr'><strong>vcl</strong></span> <span class='ocrx_word' id='word_1_332' title='bbox 1323 3899 1393 3951; x_wconf 74' lang='lat' dir='ltr'><strong>aliun</strong></span> 
     </span>
     <span class='ocr_line' id='line_1_43' title="bbox 217 3965 1393 4051; baseline 0.003 -36"><span class='ocrx_word' id='word_1_333' title='bbox 217 3976 315 4015; x_wconf 84' lang='lat' dir='ltr'><strong>sonsum</strong></span> <span class='ocrx_word' id='word_1_334' title='bbox 333 3969 440 4045; x_wconf 74' lang='lat' dir='ltr'><strong>movent,</strong></span> <span class='ocrx_word' id='word_1_335' title='bbox 457 3970 486 4015; x_wconf 88' lang='lat' dir='ltr'><strong>ut</strong></span> <span class='ocrx_word' id='word_1_336' title='bbox 502 3965 568 4017; x_wconf 82' lang='lat' dir='ltr'><strong>dure</strong></span> <span class='ocrx_word' id='word_1_337' title='bbox 586 3968 878 4033; x_wconf 61' lang='lat' dir='ltr'><strong>consummaturam,</strong></span> <span class='ocrx_word' id='word_1_338' title='bbox 895 3972 1002 4031; x_wconf 81' lang='lat' dir='ltr'><strong>motum,</strong></span> <span class='ocrx_word' id='word_1_339' title='bbox 1013 3966 1127 4033; x_wconf 66' lang='lat' dir='ltr'><strong>Mam,</strong></span> <span class='ocrx_word' id='word_1_340' title='bbox 1143 3967 1251 4051; x_wconf 70' lang='lat' dir='ltr'><strong>saltum,</strong></span> <span class='ocrx_word' id='word_1_341' title='bbox 1272 3972 1393 4051; x_wconf 55' lang='lat' dir='ltr'><strong>stragem</strong></span> 
     </span>
     <span class='ocr_line' id='line_1_44' title="bbox 217 4030 1394 4173; baseline 0.007 -23"><span class='ocrx_word' id='word_1_342' title='bbox 217 4032 646 4165; x_wconf 69' lang='lat' dir='ltr'><strong>tlllhtdlthl‘tltlt</strong></span> <span class='ocrx_word' id='word_1_343' title='bbox 654 4049 855 4165; x_wconf 66' lang='lat' dir='ltr'><strong>‘illidit</strong></span> <span class='ocrx_word' id='word_1_344' title='bbox 862 4030 1205 4170; x_wconf 51' lang='grc' dir='ltr'><strong>’,676313ψῖ7363</strong></span> <span class='ocrx_word' id='word_1_345' title='bbox 1219 4035 1394 4173; x_wconf 52' lang='lat' dir='ltr'><strong>rathath</strong></span> 
     </span>
     <span class='ocr_line' id='line_1_45' title="bbox 217 4166 1293 4231; baseline 0.004 -12"><span class='ocrx_word' id='word_1_346' title='bbox 217 4167 330 4219; x_wconf 88' lang='lat' dir='ltr'><strong>nituntur</strong></span> <span class='ocrx_word' id='word_1_347' title='bbox 353 4166 423 4219; x_wconf 85' lang='lat' dir='ltr'><strong>nodie</strong></span> <span class='ocrx_word' id='word_1_348' title='bbox 446 4182 467 4231; x_wconf 82' lang='lat' dir='ltr'><strong>s.</strong></span> <span class='ocrx_word' id='word_1_349' title='bbox 490 4167 587 4219; x_wconf 84' lang='lat' dir='ltr'><strong>inllaxir</strong></span> <span class='ocrx_word' id='word_1_350' title='bbox 611 4170 634 4220; x_wconf 89' lang='lat' dir='ltr'><strong>in</strong></span> <span class='ocrx_word' id='word_1_351' title='bbox 658 4185 686 4221; x_wconf 85' lang='lat' dir='ltr'><strong>aa</strong></span> <span class='ocrx_word' id='word_1_352' title='bbox 703 4171 829 4223; x_wconf 86' lang='lat' dir='ltr'><strong>rnambria.</strong></span> <span class='ocrx_word' id='word_1_353' title='bbox 863 4171 913 4223; x_wconf 74' lang='lat' dir='ltr'><strong>dlii</strong></span> <span class='ocrx_word' id='word_1_354' title='bbox 931 4169 1081 4224; x_wconf 70' lang='lat' dir='ltr'><strong>Naucratem</strong></span> <span class='ocrx_word' id='word_1_355' title='bbox 1094 4171 1199 4229; x_wconf 67' lang='lat' dir='ltr'><strong>cedual</strong></span> <span class='ocrx_word' id='word_1_356' title='bbox 1233 4170 1293 4225; x_wconf 88' lang='grc'><strong>230.</strong></span> 
     </span>
    </p>

    <p class='ocr_par' dir='ltr' id='par_1_15' title="bbox 217 4230 1456 4444">
     <span class='ocr_line' id='line_1_46' title="bbox 217 4230 1456 4307; baseline 0.006 -20"><span class='ocrx_word' id='word_1_357' title='bbox 217 4252 242 4287; x_wconf 85' lang='lat' dir='ltr'><strong>v.</strong></span> <span class='ocrx_word' id='word_1_358' title='bbox 260 4230 285 4299; x_wconf 88' lang='grc'><strong>4,</strong></span> <span class='ocrx_word' id='word_1_359' title='bbox 302 4231 377 4307; x_wconf 72' lang='grc'><strong>4941</strong></span> <span class='ocrx_word' id='word_1_360' title='bbox 411 4230 471 4287; x_wconf 86' lang='grc'><strong>282.</strong></span> <span class='ocrx_word' id='word_1_361' title='bbox 486 4239 629 4303; x_wconf 74' lang='lat' dir='ltr'><strong>promisco,</strong></span> <span class='ocrx_word' id='word_1_362' title='bbox 651 4237 683 4289; x_wconf 87' lang='lat' dir='ltr'><strong>cl.</strong></span> <span class='ocrx_word' id='word_1_363' title='bbox 708 4252 746 4289; x_wconf 81' lang='lat' dir='ltr'><strong>va.</strong></span> <span class='ocrx_word' id='word_1_364' title='bbox 770 4234 804 4290; x_wconf 89' lang='grc'><strong>70</strong></span> <span class='ocrx_word' id='word_1_365' title='bbox 824 4247 850 4293; x_wconf 86' lang='lat' dir='ltr'><strong>at</strong></span> <span class='ocrx_word' id='word_1_366' title='bbox 870 4237 944 4302; x_wconf 77' lang='grc'><strong>3061</strong></span> <span class='ocrx_word' id='word_1_367' title='bbox 978 4235 1037 4291; x_wconf 86' lang='grc'><strong>234.</strong></span> <span class='ocrx_word' id='word_1_368' title='bbox 1055 4239 1145 4303; x_wconf 70' lang='lat' dir='ltr'><strong>dubria,</strong></span> <span class='ocrx_word' id='word_1_369' title='bbox 1162 4256 1194 4306; x_wconf 80' lang='lat' dir='ltr'><strong>a,</strong></span> <span class='ocrx_word' id='word_1_370' title='bbox 1212 4240 1280 4293; x_wconf 75' lang='lat' dir='ltr'><strong>ull.</strong></span> <span class='ocrx_word' id='word_1_371' title='bbox 1298 4237 1324 4307; x_wconf 88' lang='grc'><strong>9,</strong></span> <span class='ocrx_word' id='word_1_372' title='bbox 1340 4234 1381 4293; x_wconf 83' lang='grc'><strong>66.</strong></span> <span class='ocrx_word' id='word_1_373' title='bbox 1455 4299 1456 4302; x_wconf 8' lang='grc' dir='ltr'><strong>Ἴ</strong></span> 
     </span>
     <span class='ocr_line' id='line_1_47' title="bbox 217 4300 1456 4378; baseline 0.002 -22"><span class='ocrx_word' id='word_1_374' title='bbox 217 4300 363 4359; x_wconf 82' lang='grc'><strong>286-361.</strong></span> <span class='ocrx_word' id='word_1_375' title='bbox 388 4303 513 4357; x_wconf 75' lang='lat' dir='ltr'><strong>Certatur·</strong></span> <span class='ocrx_word' id='word_1_376' title='bbox 536 4320 627 4357; x_wconf 80' lang='lat' dir='ltr'><strong>curua.</strong></span> <span class='ocrx_word' id='word_1_377' title='bbox 654 4305 685 4359; x_wconf 85' lang='lat' dir='ltr'><strong>ci.</strong></span> <span class='ocrx_word' id='word_1_378' title='bbox 708 4305 777 4358; x_wconf 83' lang='lat' dir='ltr'><strong>Hom.</strong></span> <span class='ocrx_word' id='word_1_379' title='bbox 801 4306 831 4359; x_wconf 89' lang='lat' dir='ltr'><strong>ll.</strong></span> <span class='ocrx_word' id='word_1_380' title='bbox 852 4304 896 4371; x_wconf 86' lang='grc'><strong>23,</strong></span> <span class='ocrx_word' id='word_1_381' title='bbox 924 4304 976 4360; x_wconf 90' lang='grc'><strong>740</strong></span> <span class='ocrx_word' id='word_1_382' title='bbox 998 4304 1065 4374; x_wconf 73' lang='lat' dir='ltr'><strong>sqq!</strong></span> <span class='ocrx_word' id='word_1_383' title='bbox 1104 4306 1165 4366; x_wconf 83' lang='grc'><strong>288.</strong></span> <span class='ocrx_word' id='word_1_384' title='bbox 1192 4309 1294 4363; x_wconf 76' lang='lat' dir='ltr'><strong>theatri</strong></span> <span class='ocrx_word' id='word_1_385' title='bbox 1328 4308 1395 4359; x_wconf 80' lang='lat' dir='ltr'><strong>cuim</strong></span> <span class='ocrx_word' id='word_1_386' title='bbox 1455 4375 1456 4378; x_wconf 8' lang='grc' dir='ltr'><strong>Ἴ</strong></span> 
     </span>
     <span class='ocr_line' id='line_1_48' title="bbox 217 4346 1394 4444; baseline 0.001 -20"><span class='ocrx_word' id='word_1_387' title='bbox 217 4374 339 4439; x_wconf 81' lang='lat' dir='ltr'><strong>quaedem</strong></span> <span class='ocrx_word' id='word_1_388' title='bbox 364 4374 457 4442; x_wconf 79' lang='lat' dir='ltr'><strong>species</strong></span> <span class='ocrx_word' id='word_1_389' title='bbox 483 4388 529 4441; x_wconf 77' lang='lat' dir='ltr'><strong>qer</strong></span> <span class='ocrx_word' id='word_1_390' title='bbox 550 4372 625 4427; x_wconf 85' lang='lat' dir='ltr'><strong>colles</strong></span> <span class='ocrx_word' id='word_1_391' title='bbox 649 4389 679 4426; x_wconf 85' lang='lat' dir='ltr'><strong>ac</strong></span> <span class='ocrx_word' id='word_1_392' title='bbox 702 4375 810 4427; x_wconf 81' lang='lat' dir='ltr'><strong>medium</strong></span> <span class='ocrx_word' id='word_1_393' title='bbox 829 4376 895 4428; x_wconf 85' lang='lat' dir='ltr'><strong>inter</strong></span> <span class='ocrx_word' id='word_1_394' title='bbox 916 4390 959 4427; x_wconf 83' lang='lat' dir='ltr'><strong>aas</strong></span> <span class='ocrx_word' id='word_1_395' title='bbox 977 4390 1089 4444; x_wconf 79' lang='lat' dir='ltr'><strong>campnm</strong></span> <span class='ocrx_word' id='word_1_396' title='bbox 1112 4376 1199 4429; x_wconf 69' lang='lat' dir='ltr'><strong>adeam</strong></span> <span class='ocrx_word' id='word_1_397' title='bbox 1220 4346 1304 4432; x_wconf 60' lang='lat' dir='ltr'><strong>crati</strong></span> <span class='ocrx_word' id='word_1_398' title='bbox 1337 4373 1394 4429; x_wconf 86' lang='grc'><strong>290.</strong></span> 
     </span>
    </p>
   </div>
   <div class='ocr_carea' id='block_1_4' title="bbox 0 0 1479 4975">
    <p class='ocr_par' dir='ltr' id='par_1_16' title="bbox 0 0 1479 4975">
     <span class='ocr_line' id='line_1_49' title="bbox 0 0 1479 4975; baseline 0 0"><span class='ocrx_word' id='word_1_399' title='bbox 0 0 1479 4975; x_wconf 95' lang='lat' dir='ltr'><strong> </strong></span> 
     </span>
    </p>
   </div>
  </div>
 </body>
</html>
