2942 4975
439 273 444 284 “
485 289 703 398 1161111608Ι
723 291 803 358 niu
826 292 880 358 ru.

177 479 334 545 Necnon
355 477 523 561 Messapus
546 483 657 544 contra
679 478 801 544 celeres
824 479 994 546 ure-Latini

178 565 222 630 Et
244 562 438 630 cumfratre
461 563 559 630 Coras
581 569 616 630 et
637 563 767 646 virginis
789 497 841 630 6411
863 564 1015 633 Camillae

84 650 156 716 606
178 649 315 715 Adversi
337 668 447 730 campo
471 650 641 730 adparent,
661 649 836 732 hastasque
857 651 999 718 reductis

177 735 381 800 Proteudunt
402 732 499 816 longe
520 734 653 814 dextris,
676 739 710 800 et
731 734 854 817 spicula
874 736 1014 816 vibrant3

177 821 408 901 Adventusque
429 819 533 884 virum
554 819 764 901 fremitusque
787 821 927 886 ardescit
949 840 1110 904 equorum.

177 905 308 987 Iamque
330 905 417 970 intra
437 905 556 970 iactum
577 905 636 970 teli
657 923 845 988 progressus
868 911 1004 989 uterque

178 990 389 1056 Constiterat:
411 990 518 1054 subito
541 995 713 1072 erumpunt
736 991 888 1071 clamore,
910 992 1110 1076 furentisque

83 1075 155 1142 610
175 1076 403 1141 Exhortantur.
418 1093 529 1157 equos;
551 1074 690 1142 fundunt
712 1077 807 1142 simul
829 1077 970 1159 undiquc
991 1079 1066 1160 tela,

178 1161 298 1226 Crebra
319 1161 399 1226 nivis
420 1160 499 1240 ritu,
521 1161 708 1243 caelumque
730 1162 892 1228 obtexitur
914 1163 1033 1228 umbra.

178 1246 336 1312 Continuo
360 1246 502 1311 adversis
524 1246 708 1328 Tyrrhenus
731 1251 765 1311 et
787 1265 861 1312 acer
882 1249 1046 1315 Aconteus

178 1330 312 1397 Connixi
332 1331 502 1396 incurrunt
522 1331 634 1412 hastis,
660 1332 817 1415 primique
839 1333 963 1398 ruinam

175 1417 263 1482 Dant
285 1415 393 1482 sonitu
414 1416 550 1498 ingenti,
572 1416 795 1500 perfractaque
818 1418 1116 1501 quadrupedantum

83 1501 153 1567 615
174 1503 313 1568 Pectora
334 1502 518 1584 pectoribus
539 1507 706 1585 rumpunt3
730 1522 881 1568 exeussus
903 1505 1065 1571 Aconteus

174 1587 329 1652 Fulminis
350 1587 385 1652 in
406 1604 528 1652 morem
550 1592 608 1652 aut
629 1592 789 1654 tormento
811 1589 962 1671 ponderis
990 1590 1061 1670 acti,

173 1673 371 1754 Praecipitat
392 1673 488 1754 longe
510 1677 544 1738 et
565 1673 664 1738 vitam
686 1674 843 1756 dispergit
864 1673 896 1738 in
919 1693 1021 1743 auras

174 1757 344 1839 Extemplo
366 1758 518 1824 turbatae·
536 1758 621 1824 acies
642 1759 789 1842 versique
811 1759 919 1825 Latini

174 1843 335 1909 Reiiciunt
355 1862 483 1926 parmas
506 1848 541 1908 et
562 1862 662 1925 equos
684 1845 725 1911 ad
748 1844 874 1912 moenia
895 1847 1035 1911 vertunt.

80 1928 152 1994 620
175 1928 275 1994 Troes
298 1934 416 2010 aguut;
434 1929 583 2010 princeps
605 1932 727 1997 turmas
749 1930 872 1995 inducit
893 1930 1008 1996 Asilas.

173 2014 304 2095 Iamque
326 2014 582 2096 propinquabant
603 2016 719 2095 portis,
742 2033 917 2097 rursusque
938 2015 1046 2082 Latini

174 2099 354 2165 Clamorem
376 2098 496 2164 tollunt
517 2104 551 2165 et
572 2099 681 2164 mollia
703 2099 786 2165 colla
807 2099 993 2166 reflectunt:

173 2185 217 2250 Hi
238 2184 376 2266 fugiunt,
398 2185 590 2266 penitusque
612 2184 695 2250 dabs
717 2184 902 2250 referuntur
924 2185 1067 2252 habenis

174 2269 284 2348 Qualis
306 2269 361 2337 ubi
383 2271 509 2335 alterno
531 2288 723 2354 procurrens
746 2269 873 2352 gurgite
895 2274 1013 2352 pontus

81 2354 151 2422 625
173 2356 266 2420 Nunc
288 2355 353 2420 ruit
375 2356 416 2420 ad
437 2360 573 2435 terram,
594 2355 806 2437 scopulosque
828 2355 1001 2437 superiacit
1022 2356 1108 2421 unda

173 2441 343 2525 Spumeus
366 2445 605 2523 extremamque
627 2441 699 2507 sinu
721 2439 886 2523 perfundit
908 2459 1050 2521 arenam3

172 2527 266 2593 Nunc
288 2527 418 2608 rapidus
439 2531 528 2591 retro
551 2533 648 2609 atque
670 2532 764 2592 aestu
785 2527 931 2593 revoluta
953 2527 1123 2595 resorbens

172 2612 256 2678 Saxa
276 2610 372 2693 fugit,
393 2612 534 2694 litusque
556 2613 637 2678 vado
659 2613 789 2678 labente
811 2612 973 2694 relinquit

170 2698 228 2763 Bis
249 2697 344 2763 Tusci
366 2698 502 2763 Rutulos
524 2717 621 2781 egere
643 2699 684 2764 ad
706 2696 833 2763 moenia
854 2716 976 2779 versos;

79 2784 151 2850 630
171 2783 228 2849 Bis
249 2782 362 2849 reiecti
384 2782 480 2849 armis
501 2789 689 2867 respectant
709 2788 804 2866 terga
824 2787 983 2865 tegentes.

173 2868 284 2934 Tertia
304 2869 361 2933 sed
382 2873 552 2951 postquam
575 2870 738 2953 congressi
758 2869 792 2935 in
814 2869 938 2952 proelia
959 2872 1046 2935 totas

171 2953 353 3036 Inplicuere
374 2954 460 3019 inter
482 2973 517 3020 se
540 2955 639 3036 acies,
660 2956 803 3038 legitque
825 2955 928 3021 virum
949 2956 1013 3021 vir:

172 3039 255 3104 Tum
276 3058 353 3106 vero
376 3043 409 3104 et
430 3040 568 3121 gemitus
590 3042 796 3121 morientum,
819 3045 852 3105 et
874 3041 1028 3123 sanguine
1050 3041 1085 3105 in
1106 3040 1174 3109 alto

173 3126 333 3213 Armaque
355 3143 553 3207 corporaque
576 3131 610 3191 et
630 3126 779 3208 permixti
803 3126 899 3191 caede
921 3126 1062 3193 virorum

79 3307 117 3357 ab
133 3320 171 3369 eo,
188 3304 253 3371 quod
270 3308 331 3355 aunt
347 3294 400 3353 δοῦ
439 3320 473 3353 τα
491 3320 555 3373 παμ
618 3300 710 3356 dorca
727 3305 797 3355 Horu.
814 3304 842 3354 11.
855 3300 880 3369 5,
892 3303 950 3367 619,
969 3296 1144 3373 λαμπόμενα
1156 3300 1182 3369 6,
1193 3300 1266 3375 3191

83 3372 146 3426 603.
164 3372 207 3425 cel.
233 3372 272 3421 Ad
294 3388 381 3423 nomen
425 3372 546 3425 elerum
586 3374 661 3424 omuli
685 3372 797 3424 alludere
813 3380 911 3441 poetam
930 3374 966 3423 ait
982 3372 1098 3435 Servins3
1121 3387 1146 3423 v.
1164 3368 1188 3437 9,
1205 3368 1266 3428 370.

84 3440 112 3508 7,
131 3438 205 3511 1814
240 3437 300 3491 604.
319 3457 339 3492 c.
351 3440 457 3506 fratre,
475 3438 501 3505 7,
518 3438 593 3496 6721
628 3437 687 3494 605.
703 3442 813 3505 fartor,
837 3442 925 3507 quibus
944 3442 1076 3492 comminus
1095 3447 1214 3507 pugnent,
1234 3438 1265 3493 cf.

82 3527 124 3562 vs.
142 3507 194 3561 612
212 3505 266 3575 sq!
298 3504 358 3561 606.
380 3509 469 3575 longo,
493 3509 525 3559 cf.
543 3526 581 3561 vs.
600 3506 663 3572 667,
687 3508 770 3577 ἔγχος
793 3503 974 3575 ἑνδεκάπηχυ
996 3516 1036 3559 est
1059 3508 1124 3576 apud
1149 3508 1218 3559 Hom.
1236 3508 1266 3562 11.

79 3579 110 3644 8,
126 3576 187 3631 494.
204 3606 238 3615 -
256 3579 317 3645 apic.
336 3592 367 3641 a,
385 3578 546 3643 proludentes
565 3579 597 3629 ad
615 3594 731 3645 pugnum,
750 3578 843 3628 Lucan.
863 3578 887 3643 t,
901 3575 936 3629 82
954 3578 1079 3643 „Vibrant
1096 3576 1147 3627 tela
1165 3591 1266 3641 nannet

81 3648 216 3711 sixtique
234 3645 357 3696 florentin
375 3646 503 3711 qnisquam
521 3648 675 3714 exspectat.“
699 3647 756 3697 Liv.
773 3644 815 3711 21,
832 3645 875 3699 28.
901 3646 1015 3697 Ceterum
1037 3645 1093 3696 alii
1116 3648 1267 3713 protendunt

81 3719 179 3779 liedes,
197 3714 254 3765 alii
271 3713 366 3780 spicula
379 3714 487 3777 vibrant,
504 3730 529 3764 v.
544 3714 568 3779 1,
581 3712 655 3784 7014
682 3712 741 3766 607.
754 3716 820 3769 Ado.
833 3718 923 3767 viram
934 3716 1044 3778 ardere,
1058 3715 1177 3780 strepitus
1189 3714 1266 3781 (quod

79 3784 232 3839 vocabulum
249 3782 331 3833 elicies
349 3797 381 3833 ex
398 3798 440 3845 eo,
464 3784 530 3847 qnod
547 3784 676 3835 subiicitur
709 3786 830 3845 rem-itur)
848 3784 1030 3835 advenientium
1047 3782 1223 3849 increbrescit,
1239 3790 1266 3835 ct

79 3844 259 3917 ι.10,895.Ι
293 3848 353 3903 608.
370 3856 478 3917 uterquc
495 3851 642 3919 exercitus!
677 3784 736 3905 669.
761 3867 786 3903 v.
806 3849 847 3917 12,
859 3850 939 3917 ,stat
973 3846 1024 3905 613
1041 3866 1078 3917 sq.
1102 3854 1210 3904 mirram
1223 3852 1256 3905 0.

79 3923 182 3986 eadunt,
200 3926 288 3973 muter
306 3926 387 3971 tumen
399 3922 431 3971 ab
443 3920 525 3973 altero
537 3922 612 3985 ictus,
626 3921 671 3971 scd
683 3920 796 3971 conflictu
807 3936 925 3987 equorum
942 3920 966 3972 iu
978 3936 1005 3972 se
1019 3920 1086 3987 ipsos
1098 3889 1265 3991 irruentium!

80 3988 143 4046 618.
161 4004 219 4043 oen
236 4004 250 4039 c
268 3987 364 4040 Lubnis
380 3995 437 4041 erat
453 3985 600 4054 Aconteus!
635 3986 695 4041 620.
712 3991 775 4051 Aa,
798 3987 829 4040 ef.
853 3987 895 4053 10,
921 3984 971 4039 175
989 3986 1057 4059 sqq}
1091 3984 1149 4041 622.
1167 3990 1263 4055 ηιοὶἰίι,

80 4060 166 4125 velie
190 4062 248 4111 tunt
270 4057 417 4109 domitorum
439 4072 571 4123 equorum,
593 4057 677 4109 facilia
700 4059 733 4108 ud
755 4055 923 4125 flectendum!
959 4052 1018 4112 624.
1041 4061 1165 4124 gurgite,
1189 4061 1265 4114 ductu

80 4123 170 4196 ml
207 4120 268 4177 626
292 4128 366 4188 sinu,
387 4129 464 4177 ductu
484 4129 577 4180 undum
597 4128 646 4179 iem
669 4126 826 4190 leuguenbm
850 4126 874 4177 in
897 4126 975 4179 sinum
997 4140 1084 4193 spuma
1106 4133 1264 4193 praetectum

80 4195 237 4265 expandente
248 4207 293 4259 per
304 4190 397 4246 buuile
406 4193 488 4249 litual
506 4193 565 4248 627.
578 4194 654 4249 recol.
664 4210 751 4248 rasa:
764 4210 829 4261 quae
840 4198 929 4249 ductus
941 4196 1042 4248 venum
1053 4194 1187 4261 provolvit,
1199 4194 1264 4250 ileu

80 4266 199 4318 medens
212 4261 344 4327 revolvit!
377 4258 437 4313 628.
454 4263 560 4317 eadat:
580 4279 634 4315 cunr
652 4265 691 4315 vlu
709 4279 788 4330 aquae
806 4266 881 4318 fluctu
899 4265 1046 4330 provolutae
1063 4262 1145 4325 rediit,
1179 4262 1264 4315 nolum

80 4326 142 4387 itui
153 4331 306 4397 relinquitur,
320 4337 345 4381 et
355 4332 443 4399 ipsun,
455 4333 500 4382 sed
510 4332 617 4397 tardius,
629 4328 769 4399 nolebam!
803 4328 862 4385 629.
879 4330 999 4397 durans,
1017 4347 1043 4417 ὗ
1055 4328 1081 4395 9,
1092 4278 1177 4399 45041
1202 4324 1265 4386 663.
