2942 4975
463 286 811 381 ononoroon'nua.
831 314 885 378 ru.

259 551 1082 715 ouoeoroon

244 814 249 843 ¹
426 791 600 875 LIBER
631 790 914 891 QUARTUS.
1112 797 1114 802 '

569 976 773 991 ——v-au—-u—

166 1080 319 1145 Protinus
341 1080 419 1146 aerii
441 1079 544 1144 mellis
567 1078 717 1143 caelestia
739 1079 823 1142 dona
914 1140 919 1162 ,

164 1166 340 1247 Exsequar.
384 1166 475 1229 Hanc
498 1164 609 1243 etiam,
630 1162 813 1240 Maecenas,
836 1161 941 1243 aspice
962 1166 1096 1244 partem.

164 1250 363 1315 admiranda
385 1250 444 1315 tibi
465 1250 582 1315 levium
605 1248 788 1330 spectacula
808 1265 915 1311 rerum
1100 1257 1104 1266 ‘

164 1335 450 1417 Magnanimosque
474 1335 571 1401 duces
594 1333 757 1415 totiusque
779 1332 890 1397 ordine
912 1328 1017 1413 gentis

128 1420 146 1483 5
165 1420 273 1485 Mores
297 1426 331 1485 et
352 1421 458 1485 studia
481 1425 514 1485 et
535 1419 669 1502 populos
693 1422 725 1483 et
747 1418 870 1500 proelia
892 1417 1002 1482 dicam.

164 1506 201 1569 ln
222 1506 315 1571 tenui
337 1505 439 1586 labor3
462 1510 496 1571 at
517 1504 623 1569 tenuis
645 1522 709 1568 non
732 1502 846 1585 gloria,
868 1502 895 1567 si
915 1521 1010 1584 quem

164 1590 304 1655 Numina
325 1591 416 1657 laeva
437 1590 547 1655 sinunt
569 1588 721 1670 auditque
743 1594 874 1653 vocatus
895 1588 1020 1669 Apollo.

231 1676 408 1758 ,Principio
431 1677 524 1741 sedes
547 1675 657 1757 apibus
681 1674 840 1755 statioque
862 1674 1009 1755 petenda,

166 1760 233 1837 Quo
256 1779 362 1842 neque
384 1760 426 1825 sit
447 1760 551 1825 ventis
573 1760 687 1838 aditus,
708 1796 751 1809 -—
774 1777 848 1823 nam
869 1758 986 1841 pabula
1007 1757 1095 1822 venti

110 1845 146 1908 10
164 1846 263 1911 Ferre
286 1847 415 1911 domum
437 1845 608 1929 prohibent
629 1881 672 1891 —
694 1863 799 1925 neque
822 1861 897 1909 oves
919 1842 1075 1925 haedique
1097 1842 1218 1926 petulci

164 1930 313 1996 Floribus
334 1932 504 2010 insultent,
527 1936 583 1995 aut
605 1948 715 1994 errans
737 1929 854 1994 bucula
877 1948 987 2011 campo

164 2016 317 2091 Decutiat
338 2034 456 2096 rorem,
480 2021 512 2081 et
534 2014 694 2097 surgentis
717 2019 836 2079 atterat
857 2012 982 2079 herbas.

164 2101 279 2167 Absint
303 2106 336 2166 et
357 2102 435 2184 picti
457 2100 637 2182 squalentia
657 2105 751 2180 terga
771 2099 886 2164 lacerti

164 2186 338 2268 Pinguibus
361 2206 380 2253 a
402 2186 549 2264 stabulis,
570 2203 793 2267 meropesque,
815 2185 960 2266 aliaeque
981 2185 1128 2249 volucres

107 2268 144 2333 15
164 2271 206 2336 Et
225 2272 373 2337 manibus
395 2272 518 2337 Procne
541 2276 653 2353 pectus
676 2269 803 2351 signata
825 2270 979 2348 cruentis3

165 2355 279 2421 Omnia
300 2376 375 2421 nam
396 2358 461 2421 late
481 2361 622 2434 vastant,
644 2356 793 2437 ipsasque
815 2354 951 2419 volantis

164 2441 227 2508 Ore
249 2440 359 2508 ierunt
381 2443 507 2508 dulcem
528 2442 611 2506 nidis
632 2440 797 2506 inmitibus
820 2458 933 2505 escam.

163 2527 206 2591 At
227 2527 341 2609 liquidi
362 2527 468 2592 fontes
492 2533 525 2592 et
546 2531 660 2608 stagna
680 2525 818 2592 virentia
839 2544 948 2590 musco

161 2613 291 2692 Adsint,
314 2618 348 2677 et
369 2614 474 2678 tenuis
495 2611 621 2694 fugiens
643 2631 702 2694 per
724 2609 867 2693 gramina
887 2611 983 2691 rivum,

104 2693 142 2760 20
160 2697 335 2779 Palmaque
356 2699 549 2763 vestibulum
572 2702 628 2763 aut
648 2698 761 2778 ingens
784 2697 924 2761 oleaster
945 2695 1115 2775 inumbret,
1162 2720 1171 2736 ·

160 2782 218 2862 Ut,
241 2801 314 2848 cum
335 2784 438 2865 prima
459 2783 533 2848 novi
555 2783 674 2850 ducent
696 2782 840 2847 examina
862 2778 955 2863 reges

159 2868 245 2933 Vere
267 2886 325 2934 suo
348 2869 501 2950 ludetque
524 2867 603 2932 favis
626 2867 741 2933 emissa
760 2867 918 2946 iuventus,

144 3042 265 3104 Gurg.
283 3043 317 3087 Ι..
335 3044 392 3088 lv.
422 3035 446 3088 l.
464 3039 588 3088 Protinus
606 3037 726 3101 siguificat
744 3037 951 3088 continuationem
968 3039 1048 3103 coepti
1065 3039 1096 3088 de
1114 3053 1142 3087 re
1159 3039 1253 3088 rustica

87 3105 156 3168 operis
173 3106 356 3171 transitumque
374 3107 405 3155 ad
424 3121 513 3157 novam
531 3107 583 3156 eius
601 3112 705 3172 partem,
724 3106 756 3155 ad
768 3106 923 3156 mellificium.
942 3133 972 3142 -
991 3108 1067 3171 aerii,
1086 3107 1142 3171 quia
1154 3113 1253 3157 veteres

85 3171 125 3220 nel
140 3189 170 3224 cx
188 3189 255 3235 rore,
275 3175 315 3239 qui
334 3189 365 3225 ex
382 3189 440 3224 uere
458 3176 587 3238 deflueret,
605 3174 687 3237 colligi
705 3175 736 3224 ab
755 3175 851 3239 apibus,
870 3190 902 3224 cx
920 3177 1006 3224 dorum
1025 3190 1083 3225 suco
1101 3191 1184 3226 cerum
1199 3175 1253 3226 lieri

85 3240 263 3304 extrunctam,
282 3243 337 3292 binc
355 3244 403 3292 mel
420 3244 528 3294 caeleste
545 3243 646 3293 donum.
669 3241 700 3292 ci.
718 3242 780 3292 Plio.
797 3242 830 3294 N.
849 3242 878 3292 H.
898 3239 938 3305 11,
957 3239 1016 3310 121
1050 3241 1075 3292 l.
1094 3241 1157 3297 Geli.
1175 3242 1200 3307 5,
1219 3241 1253 3294 12

86 3308 149 3370 „deos
168 3312 290 3375 quosdam
309 3309 417 3374 [deutra
431 3310 549 3377 nornine]
570 3317 598 3360 ut
616 3311 761 3376 prodessent
779 3311 946 3373 celebrabant,
958 3312 1083 3376 quosdam
1101 3312 1184 3376 {laona
1201 3328 1252 3362 ou·

85 3378 157 3494 ff]
169 3387 243 3496 offilo
255 3379 369 3458 obcsseut
380 3380 537 3458 placabant.“
552 3379 677 3459 arnobius
690 3378 1102 3460 ‚,Noncommemorabim'usdearn
1112 3379 1252 3474 Lauernam

86 3462 166 3564 adt
184 3463 225 3564 οἳ
236 3447 751 3582 tttlttttttlttttttltt
764 3448 1204 3581 l¹‚¹}‚,ib⁸3⁰1⁰⁰¹1'i².¹²l¹,ltllll¹,”ll
1219 3443 1252 3566 i*

85 3575 184 3642 10,314.
196 3611 232 3620 -
250 3583 350 3648 broeris,
367 3590 454 3650 utpote
466 3583 524 3650 ipsis
536 3585 624 3650 apibus
635 3580 800 3650 insidiantes!
829 3581 870 3634 14.
889 3586 966 3645 stad,
984 3583 1102 3634 alveario.
1117 3613 1152 3620 -
1169 3584 1252 3634 uliae·

85 3663 159 3767 menete
179 3655 206 3701 ot
222 3652 330 3769 poene,
348 3651 566 3772 ⁰5⁸fflfss⁶⁰¹⁸¹³¹¹¹⁸²
581 3646 654 3771 {igitar
671 3643 812 3770 τεθνζτηῖἂ
830 3652 878 3700 καὶ
894 3643 1019 3718 Πρόκνη,
1037 3653 1053 3702 i.
1072 3667 1094 3702 e.
1113 3653 1251 3770 {audatiae

86 3735 226 3905 3353?
234 3717 546 3906 “flantlfftlfiarlldi
565 3727 1250 3906 ns:⁰ttt3¹¹¹3r,1tt‚⁸tltt,ttti⁰tutti

86 3869 140 3983 tt
154 3859 264 3988 tas,
284 3853 1007 3992 as'’tf‘'ltf‘ntttttltststiptitnitds
1018 3858 1250 3993 {sersus

59 4057 63 4068 ‚
85 3984 168 4054 duat,
192 3999 236 4043 unt
253 3994 277 4053 iu
296 3995 400 4059 aliquem
419 3996 498 4045 locum
516 3995 632 4045 influat
650 3994 705 4058 (ata
745 3996 803 4054 um)
821 3993 857 4042 ita
879 4001 907 4044 ut
928 4011 959 4045 ne
983 3995 1114 4045 altitudine
1130 3997 1250 4047 ascendut

86 4054 135 4106 luo
160 4067 202 4110 aut
225 4069 291 4112 tres
310 4059 464 4126 digitos“.l
499 4061 541 4114 21.
559 4079 585 4114 v.
604 4062 629 4124 3,
648 4059 705 4112 130.
755 4059 798 4115 22.
816 4061 918 4113 Servius
936 4079 1013 4127 ‚,suo,
1037 4065 1053 4113 i.
1071 4079 1092 4114 e.
1112 4064 1157 4114 sibi
1175 4070 1249 4128 grato

85 4129 106 4171 et
120 4129 242 4192 aptissimo
250 4131 276 4193 ;“
295 4131 331 4181 sic
348 4132 419 4181 navia
437 4147 492 4182 auo
509 4139 583 4183 vento
602 4130 661 4181 sarri
680 4131 784 4191 dicitur,
808 4130 845 4179 sio
861 4138 922 4182 vota
939 4148 1019 4184 suos
1037 4133 1078 4182 vel
1094 4148 1153 4184 non
1171 4149 1247 4183 suos

85 4190 135 4243 loos
154 4196 250 4259 babere,
268 4199 285 4248 i.
303 4214 327 4248 e,
344 4200 471 4266 propitios,
489 4199 613 4261 laventem
632 4198 663 4248 cf.
681 4197 749 4262 at,
766 4196 886 4263 ads-12,
904 4197 963 4250 187.
980 4200 1086 4252 Vossius
1103 4217 1178 4263 „adq
1195 4202 1212 4251 i.
1224 4216 1246 4250 e.

85 4273 115 4321 ω,
131 4266 194 4327 quod
211 4267 337 4333 proprium
355 4273 394 4317 est
411 4271 516 4334 apum,“
539 4269 654 4334 incipiens
666 4267 727 4318 illud
745 4267 840 4332 quidem
853 4283 868 4318 a
880 4285 957 4319 verno
970 4270 1122 4335 aequinoctio
1134 4278 1159 4321 et
1171 4269 1247 4334 perti·

84 4342 135 4381 teus
153 4336 275 4399 usquead
294 4336 427 4386 solstitium
445 4337 582 4399 aestivum
606 4342 693 4388 contra
716 4337 741 4386 in
764 4334 838 4398 iustis
860 4353 906 4388 ver
926 4338 1019 4388 initium
1043 4338 1118 4388 babet
1136 4352 1151 4386 a
1168 4335 1192 4388 V
1208 4335 1246 4387 ld.
