2942 4975
1208 342 1263 385 m

88 520 154 573 aute
181 528 283 571 annum
305 514 369 593 ifle
391 512 479 569 atteri
499 511 634 584 potuisse.
679 510 735 571 Sed
757 512 885 584 quamvis
907 510 1098 585 probabiliter
1124 511 1207 583 baec,
1236 512 1262 570 si

88 616 138 672 per
159 614 192 657 se
217 597 402 673 spectaveris,
431 598 576 670 disputata
601 595 764 668 videantur,
796 602 893 657 tamen
919 599 981 656 iure
1009 603 1171 670 opponetur
1196 597 1262 655 huic

89 684 213 759 opinioni
233 683 382 741 exordium
404 682 472 741 libri
493 682 580 755 primi
602 681 777 756 Georgicon,
799 700 857 755 quo
878 688 967 756 poeta
986 699 1044 741 non
1065 684 1157 741 solum
1179 682 1261 747 binos

87 771 196 843 priores
217 767 320 841 libros,
348 767 399 826 sed
422 784 520 826 omnes
542 772 677 841 quattuor
698 768 905 842 complectitur.
948 768 1085 827 Paratum
1107 773 1162 840 est,
1185 767 1262 839 quod

89 856 122 913 ad
147 855 219 912 haec
244 853 477 927 respondeamus.
524 852 594 911 Gum
625 852 682 911 iam
711 870 782 925 non,
815 857 846 911 ut
871 854 951 927 prius
977 853 1141 913 instituerat
1166 857 1261 926 poeta,

88 938 193 998 duobus
220 938 302 997 libris
330 938 500 997 absolvisset
522 937 676 1011 Georgica,
707 938 758 996 sed
785 938 892 997 alteros
915 938 986 997 duos
1013 937 1177 1010 adiecisset,
1204 953 1262 996 non

88 1026 175 1098 potuit
201 1022 310 1097 facere,
340 1024 407 1097 quin
429 1028 550 1096 mutato,
578 1021 654 1096 quod
681 1022 718 1081 ad
745 1024 811 1083 illos
839 1024 916 1083 solos
942 1025 1113 1097 pertineret,
1142 1022 1262 1081 exordio

88 1110 183 1168 borum
210 1126 324 1181 quoque
352 1110 525 1167 mentionem
553 1107 673 1179 faceret,
702 1124 760 1181 qua
779 1110 810 1167 iu
831 1126 877 1181 re,
904 1112 936 1167 ut
957 1108 1002 1180 fit,
1028 1108 1133 1168 accidit
1154 1110 1262 1181 impru-

21 1206 22 1213 ’
89 1196 173 1267 denti,
196 1200 228 1252 nt
249 1196 389 1255 intactam
404 1196 596 1267 relinqueret,
619 1209 691 1266 quae
714 1199 743 1251 et
764 1194 829 1267 ipsa
849 1195 987 1253 mutanda
1007 1199 1083 1266 erat,
1105 1194 1261 1287 clausqfam

87 1281 147 1338 libri
168 1280 294 1338 secundi.

165 1363 191 1439 ἓ.
215 1368 244 1428 5.
288 1366 360 1423 Post
376 1363 519 1437 Georgica
539 1364 635 1437 coepit
649 1364 795 1438 Virgilius,
816 1366 909 1424 iussus
924 1380 943 1423 a
958 1362 1082 1423 Caesare
1095 1363 1259 1435 Octaviano,

88 1456 116 1507 ut
134 1449 222 1509 refert
245 1450 367 1523 Servius,
389 1450 546 1509 Aeneidem
568 1450 702 1509 seribere.
739 1450 839 1508 Facile
860 1450 1007 1509 credemus
1029 1449 1180 1509 Gaesarem
1196 1450 1260 1507 Vir-

88 1536 150 1609 gilio
172 1541 320 1595 auctorem
349 1534 447 1607 fuisse,
477 1539 510 1593 ut
537 1552 653 1594 carmen
681 1536 791 1607 epicum
819 1540 1015 1607 componeret,
1044 1534 1090 1592 cui
1110 1535 1154 1593 rei
1175 1533 1260 1593 fidem

88 1620 208 1694 afferunt,
233 1637 307 1693 quae
329 1622 448 1694 legimus
469 1620 504 1679 G.
528 1623 556 1693 3,
578 1624 620 1683 46
643 1636 703 1693 sqq.
748 1621 836 1692 „Mox
858 1626 954 1679 tamen
975 1620 1102 1679 ardentis
1125 1620 1260 1692 accurgar

88 1706 173 1763 dicere
188 1724 301 1779 pugnas
316 1706 448 1764 Caesaris
463 1709 543 1779 etc.“,
565 1722 736 1780 quamquam
759 1722 794 1763 ex
814 1705 859 1763 bis
880 1705 974 1764 verbis
988 1706 1044 1763 boc
1058 1711 1168 1763 tantum
1182 1709 1259 1763 recte

90 1791 233 1865 colligitur,
256 1790 409 1865 Virgilium
431 1808 538 1849 morem
561 1807 661 1865 gerere
676 1790 792 1851 Caesari
814 1792 929 1864 eiusque
950 1808 995 1849 res
1017 1795 1112 1863 gestas
1134 1791 1260 1849 carmine

90 1878 160 1948 epico
182 1878 318 1949 persequi
340 1876 473 1949 voluisse,
496 1876 640 1935 Aeneidos
662 1876 830 1935 condendae
850 1877 997 1936 consilium
1020 1881 1091 1947 tum,
1118 1892 1182 1935 cnm
1203 1876 1260 1935 ista
1324 1925 1327 1936 .

90 1961 231 2035 scribebat,
253 1962 381 2020 nondum
402 1962 494 2020 videri
516 1963 633 2035 cepisse.
677 1961 793 2021 Summa
811 1963 894 2021 huius
907 1962 1049 2035 poematis
1063 1966 1107 2019 est
1122 1962 1259 2020 adventus

90 2046 193 2105 Aeneae
215 2064 282 2105 cum
304 2064 395 2120 parva
413 2064 527 2105 suorum
542 2064 628 2105 mauu
642 2048 672 2105 in
686 2047 809 2119 Italiam,
832 2048 928 2107 multis
942 2048 992 2105 ille
1006 2047 1120 2119 quidem
1134 2046 1259 2119 magnis-

91 2148 137 2204 que
155 2133 369 2205 impedimentis
390 2133 560 2206 retardatus,
584 2138 613 2191 et
633 2133 715 2191 initia
738 2134 781 2191 rei
801 2133 951 2192 Romanae
971 2132 1009 2191 ab
1031 2132 1132 2191 eodem
1152 2132 1257 2204 posita.

17 2256 18 2289 3
90 2216 121 2273 lu
139 2234 187 2290 quc
209 2219 274 2291 quis
297 2234 356 2276 non
376 2217 454 2276 videt
474 2218 546 2277 illud
568 2218 771 2290 admiratione,
799 2235 884 2291 qnam
906 2235 989 2277 omne
1011 2234 1125 2276 carmen
1146 2218 1258 2289 epicum

17 2354 18 2385 ,
95 2303 202 2392 exq'tare
222 2305 406 2377 propositum
427 2303 526 2376 babet,
556 2302 751 2375 dignissimum
778 2320 853 2374 esse,
880 2303 958 2376 quod
983 2302 1069 2361 bomo
1099 2319 1134 2360 ex
1160 2302 1258 2374 patria

17 2400 18 2429 l
94 2386 192 2446 incensa
211 2387 354 2461 profugus
376 2386 443 2446 fatis
466 2388 632 2447 ducentibus
653 2404 706 2461 per
727 2389 865 2446 immensa
886 2389 1041 2462 ignotaque
1054 2388 1146 2445 maria
1160 2391 1257 2446 rectus

16 2517 18 2546 ,
92 2471 116 2530 in
140 2474 228 2533 abeno
259 2474 324 2532 solo
354 2479 439 2547 atque
467 2476 497 2534 in
525 2480 604 2534 terra
634 2491 651 2532 a
680 2472 904 2534 bellicosissimis
937 2472 1098 2532 bominibus
1125 2472 1258 2532 habitata

16 2567 17 2570 ’
91 2561 271 2632 acerrimeque
295 2558 538 2638 defensauovum
561 2576 680 2633 regnum
701 2561 812 2639 condit,
839 2560 925 2635 idque
946 2560 1100 2633 aliquando
1122 2559 1256 2631 omnium,

16 2673 17 2676 ¹
84 2659 150 2714 quae
169 2663 305 2717 umquam
329 2646 510 2718 exstiterunt,
539 2646 692 2703 maximnm
719 2643 845 2704 futurum
873 2646 1050 2718 maximeque
1072 2641 1256 2704 diuturnum?

89 2727 235 2804 Descripsit
262 2737 352 2803 poeta
377 2730 431 2788 hoc
458 2735 654 2804 argumentum
681 2731 711 2788 in
728 2731 887 2789 duodecim
913 2729 1012 2788 libros.
1055 2731 1153 2790 Primo
1181 2728 1256 2788 libro

16 2853 17 2884 3
89 2813 186 2874 Aeneas
209 2816 326 2888 relicta,
354 2833 410 2888 quo
432 2817 542 2874 delatus
565 2815 672 2887 fuerat,
702 2815 800 2874 Sicilia
821 2822 921 2889 petens
942 2817 1056 2875 Italiam
1078 2814 1165 2874 foeda
1185 2819 1256 2872 tem-

16 2905 17 2908 ’
88 2905 185 2969 pestate
207 2907 360 2974 correptus
382 2899 510 2960 aufertur
532 2901 570 2960 ad
591 2899 707 2960 Africae
729 2919 793 2960 eam
814 2907 939 2973 partem,
966 2918 1022 2974 qua
1048 2907 1108 2960 tm
1129 2900 1256 2958 Kartha·

16 3011 18 3068 3
89 2985 167 3054 giuem
188 3003 207 3044 a
230 2986 347 3044 Didone
369 2988 503 3046 constitui
524 2986 606 3044 finxit
629 2988 666 3062 (si
682 2988 744 3059 ipse
759 2985 852 3063 finxit)
876 2994 971 3059 poeta.
1015 2987 1142 3044 Disiecta
1164 2985 1255 3044 classe

88 3067 122 3125 ibi
140 3071 281 3144 opperiri,
310 3071 401 3130 donec
426 3073 518 3130 socios
540 3073 659 3130 amissos
682 3073 834 3145 reciperet,
863 3072 1039 3146 Didonisque
1060 3072 1196 3131 auxilium
1218 3070 1256 3129 ad

91 3168 143 3211 cam
154 3173 213 3214 rem
228 3157 387 3228 implorare
402 3159 510 3216 statuit.
554 3157 630 3216 Dido
652 3157 774 3230 benigne
794 3163 944 3230 exceptum
965 3175 1029 3216 cum
1050 3157 1115 3216 aliis
1137 3155 1255 3214 ducibus

91 3238 172 3298 ebrus
195 3241 342 3299 Troianae
364 3243 453 3314 epulis
476 3241 594 3301 adhibet
615 3247 656 3316 et,
685 3260 750 3302 cum
775 3241 839 3300 finis
867 3249 941 3302 esset
969 3243 1148 3315 convivandi,
1176 3241 1255 3300 iubet

16 3327 17 3330 ’
89 3325 212 3384 excidium
229 3325 336 3386 Troiae
357 3325 497 3402 fugaeque
518 3329 645 3402 ipsorum
667 3327 728 3386 fata
750 3345 905 3401 exponere3
926 3328 957 3386 id
979 3329 1056 3402 quod
1076 3326 1110 3386 fit
1131 3325 1254 3385 secundo

16 3447 17 3454 ι
88 3410 217 3484 tertioque
239 3411 324 3470 libro.
369 3411 425 3471 Sed
446 3413 534 3485 Dido,
562 3413 628 3472 dolo
651 3414 771 3472 Veneris
793 3414 997 3485 circumventa,
1020 3429 1118 3472 amore
1139 3413 1274 3470 Aeneae'

16 3515 18 3572 ι
87 3492 235 3554 incenditur
256 3502 409 3571 speratque
430 3498 510 3556 illum
532 3498 586 3556 sibi
609 3500 758 3572 coniugem
779 3497 918 3568 futurum;
941 3498 976 3557 de
996 3515 1031 3558 eo
1053 3514 1152 3556 amore
1174 3496 1254 3556 fune·

16 3579 17 3586 ’
88 3583 173 3652 stoque
197 3583 276 3640 exitu
296 3582 418 3640 Didonis
440 3585 591 3656 exponitur
613 3584 696 3642 LIV.
719 3584 831 3646 Aeneas
852 3584 954 3642 relicta
969 3583 1070 3642 Africa
1091 3584 1194 3642 iterum
1216 3582 1254 3640 ad

88 3660 201 3724 Siciliam
224 3669 344 3726 classem
367 3669 495 3741 appellit,
517 3671 606 3728 utitur
627 3668 668 3726 ibi
691 3687 754 3727 cum
769 3671 826 3730 suis
841 3669 966 3741 hospitio
980 3669 1111 3741 Acestae,
1134 3668 1253 3727 Troiani

88 3746 205 3824 bominis,
228 3769 319 3824 eoque
341 3753 395 3825 die,
418 3771 473 3826 qno
496 3756 643 3827 superiore
665 3771 740 3815 anno
762 3753 845 3813 funus
868 3755 988 3813 duxerat
1009 3755 1087 3826 patri
1100 3755 1252 3823 Anchisae,

88 3842 208 3902 parentat
237 3838 353 3911 editque
380 3840 464 3897 ludos
494 3838 636 3899 funebres·
691 3841 810 3898 Interim
839 3840 971 3899 mulieres
1000 3840 1155 3912 Troianae,
1185 3839 1251 3898 dum

89 3920 155 3978 selae
174 3922 275 3980 sedent
294 3924 325 3980 in
347 3924 439 3996 litore,
461 3931 611 3998 pertaesae
626 3926 738 3984 itineris
752 3926 906 3984 incendunt
920 3925 1053 3995 classem3
1073 3915 1253 3999 perimuntur

90 4000 145 4072 igue
162 4013 296 4080 quattuor
318 4026 418 4079 naves3
440 4011 498 4067 iam
520 4013 646 4084 Aeneas,
668 4010 841 4084 mulieribus,
864 4009 977 4069 senibus
1000 4016 1029 4069 et
1050 4010 1186 4084 quidquid
1209 4012 1251 4068 in-

91 4088 233 4180 ualidomm
261 4099 325 4152 erat
339 4096 382 4152 viu
410 4096 523 4166 castris,
552 4096 628 4171 apud
655 4095 789 4154 Acestam
816 4097 936 4168 relictis,
966 4113 1030 4154 cum
1057 4098 1121 4156 solo
1146 4096 1251 4154 robore

89 4179 226 4236 ruventutis
246 4180 343 4252 pergit
365 4181 395 4238 in
415 4180 543 4251 Italiam3
566 4183 637 4250 baec
659 4183 840 4240 continentur
861 4182 880 4238 l
897 4182 931 4239 V.
953 4180 1043 4240 Liber
1063 4188 1159 4241 sextus
1180 4181 1252 4238 haec

88 4255 176 4320 habet:
197 4264 316 4324 Accedit
329 4265 444 4324 Aeneas
466 4265 504 4323 ad
526 4284 589 4325 eam
610 4272 722 4340 partem
736 4267 847 4339 Italiae,
869 4266 918 4324 ubi
939 4268 1100 4340 posteriore
1120 4273 1250 4339 tempore

90 4340 180 4406 Durae
205 4355 269 4408 suut
296 4350 443 4421 conditae3
473 4350 587 4425 Sibylla
605 4352 731 4411 Cumana
758 4352 873 4410 deducit
902 4369 966 4410 eum
987 4353 1025 4410 ad
1046 4350 1165 4423 inferos,
1193 4366 1250 4424 quo

1008 4449 1045 4501 b&

850 4516 864 4549 Ρ
