2942 4975
492 1167 839 1287 Pmnlnu

306 1394 613 1473 ΤΕΒΤΙΑΕ
651 1397 1029 1479 EDITIONIS.

586 1598 740 1617 ΜΑΛΛΛΑΝΜ

72 1700 126 1813 Fur
167 1760 232 1827 quo
268 1760 327 1825 ego
361 1746 394 1810 et
419 1742 454 1809 P.
483 1741 646 1811 Holmon
678 1743 921 1829 Peerlkamp,
957 1744 1015 1813 Vir
1041 1746 1252 1831 Venerabilis,

75 1862 214 1932 rumine
235 1860 414 1946 Virgiliuuu
436 1860 606 1943 edidimus,
637 1864 811 1931 multorum
832 1862 940 1933 studio
959 1863 1093 1933 incense
1112 1872 1189 1937 sunt
1210 1868 1252 1939 td

73 1983 187 2049 eedem
208 1982 261 2049 uel
288 1980 487 2050 emendenda
507 1982 559 2049 uel
582 1982 778 2067 explieundu
821 1982 926 2051 Mults
954 1988 1091 2069 uterque
1113 1990 1254 2073 tempte-

76 2102 189 2183 rimus,
225 2100 306 2169 elius
341 2100 404 2169 elle
437 2101 501 2183 viu,
536 2102 563 2169 si
594 2120 658 2169 non
691 2102 907 2187 persuadendi
938 2121 1009 2188 spe,
1042 2110 1151 2173 temen
1186 2124 1250 2190 quo

77 2220 209 2288 eliorum
230 2220 361 2304 ingenie
383 2220 600 2289 excitarentur
620 2222 662 2289 ud
675 2220 868 2289 inveniende
881 2222 1015 2289 veriore.
1053 2224 1147 2291 Unde
1166 2224 1255 2293 huno

77 2338 213 2407 lruetum
234 2340 433 2421 rettulimus,
455 2345 492 2407 ut
514 2358 553 2407 en
573 2358 715 2425 quoque,
737 2360 819 2426 pure
841 2339 912 2408 allis
935 2358 975 2408 er
996 2343 1159 2440 sententio
1179 2362 1253 2413 suo·

78 2464 249 2542 cesserunt,
271 2478 309 2528 ex
331 2458 439 2544 eliqua
460 2464 551 2544 purte
572 2478 630 2546 pro
651 2460 770 2530 nostris
786 2458 906 2530 hebere
920 2478 1096 2546 possemne
1128 2462 1252 2534 Eodem

78 2583 231 2663 ternpore,
259 2597 323 2662 quo
346 2597 417 2648 mee
440 2579 538 2648 editio
561 2581 620 2649 sub
642 2581 732 2668 prelo
754 2580 905 2662 sudabat,
934 2586 1049 2666 coepte
1076 2586 1146 2650 eret
1166 2584 1253 2668 typis

79 2699 207 2782 exprimi
236 2698 335 2767 editio
365 2698 525 2768 Aeneidos
555 2719 576 2767 e
604 2699 742 2769 (ierolo
772 2699 884 2768 Tlriel
914 2705 1033 2768 curete
1076 2701 1128 2770 De
1156 2701 1251 2772 huius

78 2817 133 2884 uiri
154 2819 248 2886 leude
270 2836 355 2886 nune
376 2817 480 2887 multe
500 2817 687 2902 praedicare
714 2837 986 2904 superuacaneum
1017 2825 1080 2902 est,
1108 2823 1253 2905 quondo-

78 2935 201 3020 quidem
222 2955 348 3020 omnee,
370 2937 479 3022 quiin
501 2936 551 3006 his
573 2937 686 3006 studiis
708 2943 892 3020 uersentur,
920 2939 1132 3024 querneus
1153 2939 1252 3010 luerit

81 3055 224 3138 eruditio,
253 3061 409 3140 quantum
438 3075 587 3138 onumen,
619 3075 714 3142 quem
743 3057 911 3128 subortum
939 3060 981 3129 td
1008 3064 1121 3145 poetes
1150 3060 1251 3129 inter·

80 3175 246 3256 protendor
266 3175 429 3258 iudicium,
449 3181 571 3260 quente
593 3177 730 3262 denique
754 3196 825 3246 cum
846 3177 982 3263 Virgilio
1003 3180 1096 3264 quusi
1117 3178 1251 3250 semilis·

81 3293 167 3374 ritus,
198 3293 277 3362 rutis
307 3295 471 3380 cognitum
499 3295 617 3365 hebere
649 3295 804 3366 existimo.
854 3297 1029 3368 Praeterea
1056 3298 1250 3371 laudabilem

82 3429 201 3494 operum
222 3413 256 3480 in
279 3414 458 3483 enarrando
480 3415 615 3500 Virgilio
638 3421 816 3500 pesuerunt
838 3417 908 3486 Ger.
929 3417 981 3484 Fr.
1003 3417 1157 3502 supfle,
1178 3417 1249 3490 Otr.

82 3531 240 3616 Anthou,
282 3533 591 3606 Nee-Eboreeensis
623 3535 750 3622 (1846),
789 3537 870 3604 (iod
903 3536 942 3604 G.
975 3536 1161 3620 Gossrnu,
1197 3538 1249 3605 Fr.

84 3647 238 3734 nunner,
266 3651 396 3722 Aroh‘ib.
418 3654 510 3724 Han.
536 3655 671 3740 Bryne,
699 3655 952 3740 Ediuburgensis
974 3656 1095 3743 (1857).
1144 3657 1252 3728 Prinne

83 3767 171 3838 editio
184 3771 229 3839 Io.
244 3771 317 3840 Glrr.
332 3773 472 3856 lshuii,
496 3773 547 3842 oui
562 3775 698 3844 multum
713 3773 876 3860 Virgilius,
897 3775 1036 3844 multum
1055 3793 1118 3861 ego
1138 3777 1251 3860 debeo,

83 3885 193 3970 aliquot
213 3891 306 3958 annis
328 3897 404 3961 unte
425 3898 530 3962 rn'eem
550 3893 584 3962 in
606 3911 719 3962 munus
741 3894 958 3965 studiosorum
979 3900 1122 3964 uenerat

158 4009 282 4078 Vossii
316 4011 528 4098 Thieliique
561 4013 697 4098 uestigio
735 4014 871 4083 medune
910 4014 1030 4099 pressit
1062 4015 1251 4086 Theodorus

85 4121 261 4214 Lndeuig,
293 4147 354 4198 uec
387 4149 438 4200 me
466 4133 581 4202 vellem
612 4135 740 4220 saepius
767 4134 807 4202 eb
841 4134 890 4205 uis
923 4133 1121 4217 discessim,
1154 4153 1250 4218 ouem

86 4249 227 4329 onnus,
253 4249 287 4318 in
315 4249 533 4334 superioribus
561 4253 764 4324 editionibus.
805 4253 880 4338 lpse
907 4269 989 4337 quse
1017 4255 1131 4324 melius
1153 4271 1250 4336 expo·

85 4361 154 4444 suit,
177 4385 270 4452 onem
298 4370 411 4452 ueteri,
440 4370 554 4440 lubens
579 4371 612 4440 in
639 4391 727 4442 mess
755 4372 919 4443 chartulas
945 4372 1102 4454 denseri,
1129 4388 1189 4466 neo
1215 4370 1251 4442 id
