2942 4975
1213 281 1235 313 Ο

213 316 275 381 116
589 314 623 376 Ρ.
645 310 809 376 VIRGILI
831 309 1022 375 MARONIS

298 500 473 583 Spectabat
495 498 622 563 diversa
643 496 735 575 locis,
757 496 963 578 Phasimque,
986 498 1108 580 Lycum
1129 516 1180 578 ue,

297 587 341 651 Et
364 590 472 666 eaput,
496 584 581 647 unde
594 582 689 651 ,altus
712 582 849 664 primum
871 600 906 647 se
931 583 1070 664 erumpit
1119 583 1243 667 nipeus,

298 672 392 736 Unde
414 674 507 751 pater
530 666 710 745 Tiberinus,
735 672 769 731 et
790 668 876 731 unde
897 667 1023 732 Aniena
1043 667 1173 748 fluenta,

212 758 277 822 370
291 756 501 838 ‚saxosusque
523 771 640 819 sonans
663 752 820 835 Hypanis
843 752 1015 835 Mysusque
1039 752 1161 833 Caicus,

297 842 350 906 ut·
363 838 491 922 gemina
512 843 644 905 auratus
666 837 794 902 taurino
818 856 937 902 cornua
958 838 1049 902 voltu

195 940 201 949 ’
297 926 471 1004 EridanuS,
494 942 556 1006 quo
579 942 642 987 non
666 922 747 987 alius
768 940 827 1003 per
848 922 980 1004 pinguia
1002 924 1089 988 culta
1125 984 1132 989 ,

298 1012 335 1077 In
358 1029 447 1076 mare
470 1027 667 1093 purpureum
688 1007 859 1072 violentior
883 1006 986 1072 efflant
1008 1009 1118 1073 amnis.

297 1097 471 1177 Postquam
496 1098 546 1159 est
566 1094 600 1158 in
623 1093 755 1157 thalami
777 1093 951 1175 pendentia
972 1095 1097 1175 pumice
1120 1099 1210 1159 tecta

213 1183 276 1249 375
298 1182 493 1246 Perventum
517 1184 550 1244 et
571 1180 640 1244 nati
662 1176 757 1242 fletus
781 1178 930 1260 cognovit
951 1179 1056 1244 inanis

300 1266 435 1348 Cyrene,
458 1264 605 1330 manibus
627 1264 766 1346 bquidos
788 1264 866 1328 dant
888 1265 1000 1329 ordine
1022 1263 1119 1328 fontis

299 1351 495 1431 Germanae,
517 1349 682 1431 tonsisque
705 1347 814 1413 ferunt
836 1350 990 1415 mantelia
1012 1349 1109 1429 vilhs3

297 1437 376 1501 Pars
398 1436 500 1517 epulis
522 1438 659 1499 onerant
680 1452 807 1499 mensas
831 1439 864 1498 et
886 1435 983 1516 plena
1005 1439 1166 1517 reponunt

296 1522 430 1600 Pocula;
446 1520 629 1585 ’Panchaeis
652 1520 842 1585 adolescunt
862 1520 989 1601 ignibus
1012 1538 1103 1598 arae3

212 1604 277 1671 380
298 1608 343 1671 Et
364 1612 480 1684 mater,
503 1605 588 1687 Cape
610 1604 751 1669 Maeonii
774 1605 938 1670 carchesia
959 1606 1090 1671 Bacchi:

298 1692 426 1757 Oceano
448 1691 599 1768 libemus,
627 1689 680 1753 ait,
724 1690 825 1755 Simul
846 1692 916 1772 ipsa
937 1695 1088 1773 precatur

298 1776 524 1858 Oceanumque
547 1779 672 1856 patrem
693 1794 802 1839 rerum
824 1776 1050 1859 Nymphasque
1073 1794 1209 1855 sorores,

298 1861 435 1927 Centum
457 1879 539 1943 quae
561 1860 670 1939 silvas,
694 1865 824 1925 centum
846 1880 928 1942 quae
950 1860 1081 1925 flumina
1102 1867 1243 1927 servant.

296 1946 361 2011 Ter
382 1946 502 2029 liquido
526 1946 694 2011 ardentem
716 1944 858 2027 perfudit
880 1951 1011 2011 nectare
1035 1948 1176 2025 Vestam,

214 2030 277 2095 385
299 2031 362 2096 Ter
385 2030 512 2097 flamm
533 2030 574 2095 ad
597 2048 755 2095 summum
777 2032 856 2095 tecti
878 2032 1023 2097 subiecta
1043 2031 1170 2097 reluxit

297 2116 412 2181 Omine
435 2135 497 2199 quo
520 2114 649 2181 firmans
672 2117 813 2181 animum
836 2117 881 2181 sic
902 2118 1016 2198 incipit
1037 2118 1121 2200 ipsa:

378 2202 439 2267 Est
459 2203 492 2266 in
516 2200 687 2283 Carpathio
711 2202 854 2283 Neptuni
876 2203 1003 2284 gurgite
1025 2207 1125 2283 vates

297 2286 470 2353 Caeruleus
492 2288 642 2367 Proteus,
665 2306 817 2368 magnum
840 2288 894 2368 qui
915 2288 1056 2369 piscibus
1078 2306 1200 2372 aequor

295 2373 339 2437 Et
359 2374 469 2439 iuncto
493 2372 644 2455 bipedum
667 2392 764 2437 curru
785 2373 918 2437 metitur
941 2391 1104 2455 equorum.

210 2631 322 2681 similiter
351 2635 379 2688 ut
410 2631 476 2696 apud
505 2627 608 2692 inieras,
638 2645 676 2679 vs.
700 2623 781 2693 4681
826 2625 884 2679 367.
913 2629 1002 2680 Phasis
1030 2629 1167 2690 Colchidis,
1201 2626 1287 2698 Lycus
1314 2628 1388 2688 Ponti,

209 2699 314 2764 Enipeum
333 2697 486 2758 Thessaliae,
505 2698 615 2764 Hypanis
633 2698 774 2748 Sarmatiae
791 2697 902 2762 fluvius!
938 2695 996 2749 370.
1016 2698 1058 2746 alii
1075 2697 1224 2757 Suanorum
1250 2713 1274 2747 v.
1293 2697 1317 2760 1,
1336 2693 1389 2746 163.

209 2773 234 2816 et
252 2767 282 2816 A.
300 2763 325 2828 2,
343 2762 385 2815 53.
401 2791 438 2824 ,-
455 2765 553 2821 Littera
571 2783 584 2815 s
602 2767 690 2816 crebro
706 2767 812 2832 repetita
830 2767 940 2817 imitatur
952 2767 1081 2833 strepitum
1094 2766 1250 2816 stridentium
1265 2768 1391 2827 undarum,

209 2840 237 2883 ut
255 2835 285 2884 A.
304 2829 329 2896 5,
346 2829 423 2902 8661
458 2831 518 2885 371.
536 2849 561 2883 v.
579 2833 608 2884 Ε.
626 2831 651 2892 3,
669 2833 727 2885 106.
755 2833 815 2894 Diis,
834 2835 875 2899 qui
893 2835 1069 2900 praesidebant
1087 2835 1236 2895 huminibus,
1254 2835 1293 2885 vel
1313 2834 1391 2900 capita

209 2903 250 2952 vel
268 2916 359 2952 cornua
378 2903 477 2952 taurina
495 2902 681 2965 tribuebantur,
705 2901 736 2951 cl.
755 2900 828 2966 Ar8,
848 2901 894 2965 77,
919 2919 966 2968 quo
990 2903 1066 2952 robur
1085 2917 1115 2952 ac
1132 2903 1249 2957 violentia
1269 2905 1391 2955 fluminum

210 2970 312 3020 indicari
329 2971 441 3034 videtur,
465 2967 495 3019 cf.
514 2986 552 3020 vs.
573 2967 637 3029 373;
663 2978 762 3022 veteres
785 2972 884 3035 quidam
907 2971 1053 3038 interpretes
1076 2971 1116 3021 vel
1134 2987 1246 3022 murmur
1264 2973 1391 3031 undarum,

211 3037 289 3087 simile
305 3038 409 3101 mugitui
427 3038 512 3101 boum,
534 3040 576 3088 vel
595 3043 672 3089 lienus
697 3039 820 3089 fluminum
843 3054 873 3089 ea
896 3056 924 3089 re
946 3040 1079 3103 significari
1098 3047 1194 3104 putant.
1213 3069 1247 3078 —
1265 3046 1391 3090 aurona.-

225 3106 314 3156 ertinet
331 3108 377 3155 hoc
394 3107 427 3156 ad
446 3115 558 3157 ramenta
576 3108 632 3157 auri
647 3108 670 3156 in
690 3107 798 3157 Eridano
817 3106 914 3174 (Pado)
932 3116 1040 3174 reperta,
1059 3107 1120 3157 Plin.
1139 3107 1171 3159 N.
1184 3109 1213 3157 Η.
1232 3105 1275 3169 33,
1294 3105 1320 3171 4,
1338 3105 1393 3173 211

208 3123 268 3225 372.
288 3178 318 3224 v>
332 3173 359 3237 1,
377 3171 452 3247 4821
493 3173 552 3226 373.
575 3191 664 3242 perp,
686 3176 744 3240 qnia
767 3179 856 3225 fluctus
879 3176 955 3226 maris
977 3177 1055 3237 illius,
1079 3175 1144 3241 quod
1167 3177 1243 3241 vulgo
1268 3177 1394 3243 appellant

210 3245 424 3306 mediterraneum,
443 3244 550 3292 colorem
569 3259 693 3310 purpurae
712 3244 814 3293 similem
833 3242 967 3302 referunt!
1001 3243 1061 3295 374.
1080 3245 1115 3294 tt.
1126 3245 1200 3309 pond.
1211 3261 1283 3311 pum.
1297 3252 1326 3307 t.,
1343 3247 1360 3295 i.
1371 3260 1392 3293 c.

209 3319 275 3365 tecta
299 3311 402 3362 thalami
423 3311 518 3377 pumice
540 3313 653 3378 pendenti
672 3310 867 3381 concamerata}
901 3311 960 3364 375.
979 3313 1023 3362 alii
1037 3317 1124 3377 gnati.
1141 3341 1177 3348 —
1186 3315 1273 3380 stetur
1292 3317 1391 3372 inatres,

210 3381 328 3438 dolorem.
352 3379 391 3430 cui
409 3378 487 3430 facilis
505 3386 530 3429 et
547 3387 638 3446 parata
655 3381 774 3430 medicina
790 3379 879 3449 esset!
912 3378 975 3432 376.
991 3380 1022 3430 cl.
1042 3381 1111 3430 llorn.
1130 3379 1223 3448 Odyss.
1243 3382 1267 3444 1,
1289 3380 1342 3434 145
1359 3397 1392 3445 sq.

210 3447 261 3498 Cic.
280 3451 310 3500 de
328 3448 399 3499 Orat.
417 3448 449 3514 2,’
461 3445 496 3500 60
513 3464 617 3512 „manus
634 3448 694 3498 lava
712 3455 737 3498 et
754 3447 853 3516 cenaf‘l
888 3447 947 3500 377.
967 3449 1082 3499 mantelia
1099 3450 1183 3511 lintea,
1203 3451 1294 3516 quibus
1311 3464 1394 3500 manus

210 3522 377 3580 tergerentur3
395 3518 450 3584 ipse
472 3523 554 3567 autem
569 3517 644 3566 lintea
661 3518 726 3582 apud
745 3525 843 3568 veteres
860 3526 932 3568 erant
949 3519 1048 3581 villosa,
1066 3533 1153 3583 quere,
1171 3524 1200 3568 ut
1217 3520 1284 3571 levia
1302 3521 1393 3577 nerent,

209 3585 324 3634 tondendi
346 3594 418 3635 erant
439 3581 515 3652 villi}
548 3583 607 3636 378.
627 3591 756 3651 reponunt
772 3587 878 3650 pocula:
900 3587 1000 3637 sublata
1022 3587 1102 3652 prima
1124 3601 1209 3636 mensa
1232 3589 1394 3654 appositaque

210 3653 291 3702 altera
309 3654 362 3702 sive
381 3655 496 3715 secunda,
515 3654 571 3704 aliis
590 3654 663 3703 etiarn
676 3654 776 3725 poculis
794 3656 924 3720 appositis,
943 3656 958 3704 i.
977 3671 998 3704 e.
1018 3655 1112 3720 poculis
1131 3656 1256 3720 repositis,
1275 3657 1309 3706 cf.
1328 3657 1359 3705 A.
1371 3651 1393 3717 8,

212 3717 262 3770 176
280 3727 304 3769 et
322 3717 381 3783 279,
416 3723 545 3772 libationes
563 3723 662 3771 liebant.
710 3719 770 3772 379.
789 3738 813 3772 v.
832 3720 861 3784 2,
881 3721 956 3788 1391
990 3721 1190 3788 eschannai,
1213 3723 1305 3792 Lydii3
1330 3731 1355 3774 et
1371 3737 1394 3772 r.

208 3784 234 3849 2,
245 3784 310 3864 ’981
345 3785 616 3856 erstanden!
649 3788 654 3804 “
682 3788 706 3840 2.
726 3792 795 3841 Hom.
816 3790 845 3840 ll.
865 3788 905 3854 14,
918 3788 969 3840 246
987 3785 1154 3852 ,,Ὠκεανοῠ,
1173 3788 1264 3859 ὅσπερ
1283 3795 1394 3859 γένεσις

211 3866 353 3906 novercae
371 3856 541 3922 τέτυκται.“1
565 3855 624 3910 383.
641 3873 776 3927 servare
792 3860 905 3910 dicuntur
917 3861 1007 3922 sedem,
1026 3861 1067 3925 qui
1079 3872 1201 3926 nunquam
1215 3867 1332 3912 autraro
1343 3861 1395 3911 inde

211 3917 364 3992 discedunt]
400 3921 459 3976 384.
478 3926 604 3987 Vestam,
626 3927 706 3989 ignem
723 3927 746 3976 in
766 3927 820 3977 loco
837 3928 974 3985 incensum3
998 3944 1023 3978 v.
1043 3928 1070 3991 1,
1090 3927 1149 3980 295.
1203 3925 1263 3979 385.
1283 3931 1324 3981 ad
1340 3947 1361 3978 s.
1379 3933 1394 3976 t.

212 3993 335 4055 subiecta,
354 4005 433 4056 nsque
451 3995 482 4043 ad
500 4001 593 4044 tectum
612 3995 725 4058 emicans,
745 4009 770 4044 ν.
789 3995 818 4044 Ε.
838 3994 879 4057 10,
899 3993 932 4045 74
949 4002 974 4045 et
991 3993 1016 4059 8,
1037 3994 1109 4066 1041
1198 4035 1203 4046 .
1227 3997 1394 4064 Postquam

210 4060 254 4109 dii
279 4059 464 4124 adnuerunt,
488 4063 524 4111 sic
547 4059 615 4112 latur
638 4063 730 4128 ipsa!
763 4058 814 4119 387
832 4079 885 4129 sqq.
904 4064 935 4114 cl.
955 4065 1024 4114 Horu.
1043 4066 1135 4132 Odyss.
1153 4064 1178 4128 4,
1196 4063 1346 4118 384-470,
1363 4091 1394 4100 -·

211 4127 281 4179 Mare
299 4129 457 4208 Carpathium
476 4130 567 4181 dictum
585 4131 748 4196 scorpaena,
767 4132 847 4181 insula
865 4133 930 4182 inter
941 4133 1041 4184 Cretam
1053 4134 1215 4198 Rhodumque
1232 4133 1308 4204 sita}
1347 4130 1394 4184 388

210 4195 694 4334 11111θῖ,.1113311”113.137.
708 4201 1004 4336 litlltllletlt
1019 4203 1393 4338 littlltltllllttl’l

208 4336 323 4405 piscatus
341 4339 367 4386 et
384 4349 465 4386 curru
482 4351 605 4402 quorum
627 4338 712 4386 iuncto
735 4336 830 4402 poetice
848 4353 892 4404 pro
911 4353 994 4388 curru
1009 4339 1125 4405 piscibus
1142 4342 1264 4407 equisque
1282 4336 1391 4408 iuncto!
