2942 4975
457 294 671 373 squamos
694 308 775 373 ma
797 292 884 375 vmj

164 493 261 560 Haud
283 498 392 559 vatam
413 494 544 576 ignarus
566 496 758 576 venturique
780 496 898 561 inscias
921 497 998 576 aevi,

164 578 302 643 Fecerat
324 580 524 662 Ignipotens;
546 579 611 645 illic
634 600 734 662 genas
758 600 851 646 omne
874 582 1001 647 iutarae

166 662 282 747 Stirpis
305 666 344 729 ab
367 665 516 745 Ascania,
543 670 750 747 pugnataque
771 667 805 730 in
828 667 940 732 ordine
962 668 1055 733 bella.

70 748 142 814 630
164 749 301 814 Fecerat
324 754 357 815 et
379 748 472 815 viridi
493 750 593 815 fetam
615 750 771 815 Mavortis
793 752 826 815 in
849 758 941 817 antro

163 834 377 901 Procubuisse
399 837 521 918 lupam;
544 837 687 917 geminos
709 837 783 901 huic
805 838 905 902 ubera
927 838 1045 903 circum

164 918 293 988 Ludere
316 922 485 1003 pendentis
507 940 638 1003 pueros,
662 926 695 985 et
715 922 857 987 lambere
879 928 1015 989 matrem
1040 915 1051 936 ⁸

164 1004 351 1087 inpavidos3
376 1007 464 1071 illam
486 1007 582 1071 tereti
606 1007 729 1071 cervice
751 1006 902 1072 reflexam

163 1090 306 1156 Mulcere
329 1092 470 1156 alternos
494 1097 527 1155 et
550 1109 684 1174 corpora
705 1090 828 1174 fingere
850 1093 968 1175 lingua.

70 1172 142 1240 635
164 1175 234 1239 Nec
254 1177 367 1257 procul
389 1177 463 1241 hinc
485 1178 618 1241 Romam
642 1182 676 1241 et
696 1183 805 1259 raptas
828 1178 897 1243 sine
919 1196 1008 1243 more
1031 1177 1164 1243 Sabinas

166 1260 325 1326 Consessu
348 1280 478 1341 caueae,
501 1264 625 1344 magnis
638 1262 851 1334 „Circensibus
874 1264 963 1341 actis,

163 1346 353 1427 Addiderat,
376 1348 546 1429 subitaque
569 1366 686 1413 novum
710 1366 903 1431 consurgere
925 1349 1046 1413 bellam

163 1431 340 1497 Romulidis
363 1433 519 1514 Tatioque
542 1434 611 1497 seni
635 1433 835 1516 Curibusque
858 1434 986 1499 severis.
1119 1437 1124 1446 '

163 1515 243 1580 Post
263 1516 347 1582 idem
370 1519 456 1582 inter
479 1537 513 1583 se
535 1518 640 1600 posito
665 1520 839 1583 certamine
861 1536 954 1600 reges

72 1600 144 1665 640
165 1603 290 1667 Armati
312 1602 396 1669 Iovis
419 1607 494 1669 ante
517 1622 605 1668 aram
627 1609 820 1686 paterasque
844 1609 992 1669 tenentes

163 1685 301 1752 Stabant
324 1693 357 1753 et
381 1708 473 1753 caesa
493 1688 670 1770 iungebant
691 1688 825 1755 foedera
846 1708 951 1771 porea.

164 1772 259 1837 Haud
281 1775 393 1855 procul
414 1775 489 1840 inde
513 1775 594 1839 citae
617 1774 756 1839 Mettum
777 1775 810 1839 in
834 1775 959 1840 diversa
981 1775 1155 1856 quadrigae

164 1857 366 1924 Distulerant
387 1896 430 1905 -
453 1864 487 1924 at
508 1864 545 1925 tu
567 1860 676 1937 dictis,
699 1862 836 1940 Albane,
859 1861 1020 1925 maneres!
1042 1895 1085 1910 -ν

163 1943 387 2025 Raptabatque
409 1944 468 2008 viri
490 1946 654 2010 mendacis
676 1946 800 2011 viscera
822 1946 934 2010 Tullus

72 2027 142 2092 645
164 2029 228 2094 Per
250 2029 376 2108 silvam,
399 2035 432 2095 et
454 2031 556 2112 sparsi
577 2031 732 2097 rorabant
754 2029 909 2113 sanguine
930 2050 1053 2111 vepres.

163 2113 232 2179 Nec
254 2135 318 2179 non
342 2115 548 2196 Tarquinium
571 2116 708 2180 eiectum
730 2117 896 2181 Porsenna
917 2116 1049 2179 iubebat

162 2199 331 2281 Accipere,
352 2200 539 2283 ingentique
561 2202 674 2265 arbem
697 2201 863 2269 obsidione
886 2201 1060 2282 premebat,

163 2286 336 2350 Aeneadae
358 2286 392 2350 in
414 2286 536 2351 ferrum
558 2306 615 2369 pro
638 2287 790 2351 libertate
813 2286 958 2351 ruebant.

163 2369 258 2434 Illam
280 2370 460 2453 indignanti
483 2372 634 2450 similem,
656 2372 855 2452 similemque
877 2370 1012 2436 minanti

71 2454 141 2522 650
163 2456 346 2538 Aspicerea
369 2462 500 2540 pontem
523 2459 657 2527 auderet
679 2458 754 2540 qaia
777 2456 897 2522 vellere
921 2455 1041 2535 Cocles,

163 2541 207 2605 Et
228 2541 358 2607 fiuvium
379 2543 492 2608 vinclis
514 2545 642 2610 innaret
664 2543 787 2608 Cloelia
808 2543 919 2624 raptis.

163 2626 201 2692 In
225 2645 347 2694 summo
372 2633 478 2694 custos
502 2629 657 2711 Tarpeiae
679 2629 818 2694 Manlius
843 2628 925 2694 arcis

73 2829 118 2892 18,
141 2827 193 2884 483
211 2827 277 2900 sqq}
316 2831 375 2885 627.
394 2837 496 2895 vatnam,
519 2834 640 2898 fatorum,
664 2849 728 2899 quae
752 2840 826 2884 vates
848 2832 881 2884 dii
905 2834 1054 2890 cecinerant;
1081 2832 1125 2882 alii
1139 2828 1261 2898 satam]

70 2897 136 2952 630.
155 2905 188 2961 et,
207 2910 306 2966 praeter
323 2911 415 2954 cetera.
434 2931 469 2940 --
487 2902 558 2968 Quaae
575 2904 689 2969 exposita
708 2909 766 2952 sunt
783 2918 836 2952 vss.
854 2898 1007 2963 630—674,
1027 2915 1057 2951 ea
1074 2900 1155 2950 onnaia
1173 2901 1196 2949 in
1214 2914 1260 2950 ora

70 2967 149 3034 clipei
166 2967 248 3018 ellicta
266 2979 347 3029 erant,
365 2987 406 3021 res
419 2971 525 3035 Augusti
538 2969 600 3034 (675
613 2976 677 3037 sqq.)
691 2973 714 3020 in
727 2970 829 3035 mediol
864 2967 923 3020 632.
935 2969 967 3019 cl.
978 2967 1114 3033 Liv.1,4.q
1143 2965 1195 3018 632
1207 2985 1260 3034 sqq.

72 3037 150 3087 ovid.
168 3036 237 3087 Fast.
255 3035 280 3103 2,
298 3037 350 3090 418
367 3056 403 3104 sq.
424 3039 454 3089 de
473 3041 559 3090 eadem
576 3039 637 3106 lupa
654 3039 775 3103 „lingit
791 3038 877 3102 lingua
894 3052 1000 3105 corpora
1018 3037 1076 3087 bina
1093 3051 1148 3087 sna.
1179 3037 1261 3087 Marte

73 3112 146 3156 satos
169 3105 259 3172 scires:
283 3109 378 3158 timor
401 3105 523 3177 alait“l
557 3107 615 3160 634.
641 3109 791 3158 translatum
816 3109 862 3156 boc
888 3106 1097 3157 acoasastadino
1114 3106 1260 3169 bestiarum,

73 3172 157 3240 pallos
176 3173 260 3238 lingua
279 3176 448 3238 mulceatium,
473 3182 501 3227 at
525 3177 616 3227 rannda
641 3184 666 3227 et
689 3177 755 3226 levia
780 3177 841 3226 liant
866 3171 993 3240 corpora!
1027 3171 1087 3224 635.
1105 3176 1260 3235 sinemuro,

72 3243 165 3308 quippe
183 3243 278 3293 violata
296 3246 350 3295 iure
368 3245 502 3311 gentium!
537 3240 595 3296 636.
616 3259 716 3306 caueae,
734 3246 801 3293 circa
819 3244 858 3293 bic
875 3244 996 3294 tribuitur
1012 3256 1102 3304 cavea,
1121 3256 1185 3306 quae
1201 3257 1262 3307 pra-

74 3311 130 3375 pria
151 3317 191 3362 est
207 3313 307 3364 theatri.
327 3341 361 3350 -
379 3313 505 3378 Corseas,
526 3314 690 3364 Consualibus
708 3313 732 3362 id
752 3312 843 3361 lactum
861 3327 917 3362 esse
935 3313 972 3361 ait
988 3311 1075 3361 Livias
1093 3309 1117 3369 1,
1136 3309 1161 3360 9.
1196 3309 1261 3361 Ludi

70 3385 159 3430 autem
184 3377 317 3446 Consualia
340 3383 389 3432 iam
414 3381 547 3446 Tarquinio
572 3381 656 3432 Prisco
682 3395 742 3444 rege
767 3387 897 3430 cesserunt
919 3379 984 3430 ludis
1003 3379 1174 3440 Circensibus,
1197 3391 1260 3442 quos

72 3462 188 3511 nruguros
205 3456 279 3514 poeta
298 3449 424 3516 appellare
441 3450 538 3499 videtur
558 3451 662 3502 aLudis
677 3449 782 3511 Magnis,
800 3463 862 3512 quos
874 3449 929 3498 ideo
944 3448 1043 3512 quidam
1060 3460 1163 3508 raragaos
1181 3446 1261 3494 dictos

73 3521 178 3582 putant,
203 3521 285 3584 „quod
310 3519 389 3568 Conso
416 3517 573 3569 consiliorum
601 3525 803 3582 secretorumque
829 3518 888 3579 deo,
915 3517 930 3565 i.
954 3532 975 3565 e.
1001 3515 1131 3582 Neptuno,
1158 3520 1184 3563 et
1207 3514 1260 3563 Diis

72 3583 217 3650 Magnis,
235 3587 251 3636 i.
264 3603 286 3636 e.
299 3587 407 3637 Laribus
425 3587 495 3636 urbis
507 3586 608 3650 Rornae,
627 3587 680 3636 dati
697 3592 764 3647 sunt,
782 3586 870 3650 quibas
888 3584 953 3634 ludis
965 3584 1035 3634 aiunt
1047 3588 1135 3648 raptas
1146 3581 1261 3645 Sabinas,

70 3658 103 3702 ut
121 3652 238 3704 videatur
255 3663 358 3722 propter
376 3657 421 3705 boc
439 3655 521 3706 dicere
540 3655 674 3718 Virgilius:
693 3655 811 3716 anagnis
831 3650 1043 3704 Circensibus
1062 3651 1167 3700 actis.“
1192 3651 1262 3701 llaec

72 3721 166 3770 Ascua.
190 3721 324 3785 Pedianus,
349 3725 471 3790 interpres
495 3723 642 3790 Ciceronis!
684 3719 745 3771 637.
769 3737 934 3772 consarvere
957 3736 991 3772 sc.
1009 3721 1166 3784 fecerat,
1194 3720 1260 3784 quod

72 3789 137 3840 latet
158 3791 182 3840 in
205 3793 283 3842 verbo
301 3793 464 3853 Addiderat,
489 3799 514 3841 et
537 3791 568 3841 ci.
592 3808 631 3842 vs.
654 3787 706 3841 630
724 3793 793 3855 sqq!
827 3757 887 3841 636.
905 3805 971 3848 sev„
997 3787 1157 3838 severissima
1174 3788 1260 3838 Sabini

71 3859 213 3910 utebantur
229 3861 368 3926 disciplina,
386 3861 417 3910 cf.
430 3859 460 3911 G.
473 3859 498 3922 2,
510 3857 584 3920 5321
620 3857 678 3910 641.
697 3857 798 3908 foedera
810 3858 939 3908 icebantur
951 3871 1025 3907 rasso
1044 3871 1119 3921 porco
1138 3872 1259 3922 porcave3

71 3926 207 3994 farinulam
225 3931 351 3992 antiquam
369 3931 393 3979 in
411 3943 441 3979 ea
459 3945 487 3980 re
504 3929 646 3980 soliemnem
665 3928 767 3977 exbibet
784 3925 838 3975 Liv.
851 3922 925 3987 1,24.
945 3925 1061 3976 Ceteram
1075 3941 1099 3974 v.
1113 3922 1143 3975 G.
1155 3922 1261 3993 1,479.q

69 3991 126 4045 642
151 4011 205 4062 sqq.
229 3996 260 4046 cl.
285 3997 340 4048 Liv.
360 3997 384 4060 1,
401 3995 443 4048 27.
461 3996 517 4049 281
553 3994 611 4050 643.
630 4013 655 4046 v.
674 3996 699 4059 2,
723 3992 782 4047 166.
805 3994 881 4045 velles
906 4010 1006 4045 manere
1030 3999 1113 4057 tum,
1138 4009 1206 4044 rum
1229 3997 1261 4043 te

70 4064 299 4128 distulerunt,
318 4083 342 4116 v.
363 4064 403 4128 11,
423 4062 497 4134 lbet
533 4063 583 4117 646
602 4081 655 4130 sqq.
674 4064 704 4116 ci.
724 4064 780 4113 Liv.
798 4059 823 4114 2.
842 4061 858 4113 9
876 4056 944 4130 sqq!
979 4058 1038 4114 647.
1056 4077 1081 4112 v.
1100 4060 1130 4113 C.
1149 4061 1175 4123 2,
1184 4057 1261 4129 4411

72 4129 135 4183 651.
153 4134 243 4184 uiue&
256 4138 349 4200 raptis,
369 4135 472 4186 Servius
485 4137 570 4200 „atqui
583 4135 682 4185 obsides
695 4149 744 4183 non
757 4132 912 4196 ligabantur3
933 4132 975 4181 sed
989 4132 1071 4182 vincia
1101 4147 1128 4181 ra
1142 4131 1260 4180 custodiis

69 4201 255 4266 accipiamas;“
273 4204 358 4268 itaque
372 4203 463 4254 Cloelia
477 4203 489 4254 1
494 4211 643 4255 castrata
661 4202 815 4252 custodes
828 4201 919 4252 dicitur
931 4216 946 4250 a
957 4197 1046 4263 aava,
1058 4198 1073 4250 1
1092 4197 1113 4266 ,Ι
1144 4196 1195 4248 652
1207 4213 1260 4261 sqq.

72 4269 266 4334 Comprehendit
283 4273 332 4322 iarn
350 4278 438 4338 poeta,
462 4287 526 4337 quae
543 4272 565 4321 in
584 4287 708 4322 ruarmo
725 4269 804 4336 clipea
823 4269 857 4329 (in
875 4284 971 4320 summa
990 4270 1044 4319 cius
1062 4271 1118 4329 ara)
1137 4279 1260 4331 expressa

68 4344 157 4404 eram,
181 4341 241 4415 ipsis
265 4341 339 4390 etiam
358 4340 417 4390 locis
441 4340 506 4390 inter
529 4342 669 4402 seiuncta,
693 4353 776 4388 arcem
794 4337 941 4404 Tarpeiam,
959 4336 1093 4399 Manlium,
1111 4334 1261 4400 Capitolium

1000 4418 1056 4470 ᾖ.
