2942 4975
480 324 703 395 BUOOLIOA.
732 325 822 393 ECL.
845 325 883 393 X.

174 516 256 583 Dum
280 521 396 581 tenera
418 512 589 580 attondent
611 514 709 581 simae
732 512 874 597 virgulta
895 512 1045 597 capanea

175 602 244 669 Non
270 600 413 667 cauimus
436 598 554 679 surdis3
576 598 775 681 respondent
797 598 904 664 emnia
923 598 1033 665 silvae.

262 686 353 765 Quae
375 702 520 765 nemora,
542 689 600 751 aut
643 682 674 749 ui
696 702 754 749 vos
776 682 877 749 saitem
899 684 1053 761 habuere,
1076 684 1202 767 puellae

120 772 155 839 10
174 771 305 853 NaideS,
330 768 461 853 indiguo
486 788 557 835 eum
581 702 693 835 Gallus
714 787 824 837 amore
846 770 992 852 peribat?

173 858 254 923 Nam
277 874 384 939 nequa
407 855 539 921 Pernesi
562 852 651 921 vobis
673 855 762 937 iuga,
783 872 858 920 nam
880 872 984 938 neque
1007 854 1100 919 Pindi

173 942 247 1009 Ulla
269 960 392 1007 mnrmn
414 940 534 1021 iecere,
557 957 661 1023 neque
684 939 786 1007 Aonie
808 940 984 1023 Aganippe

173 1027 268 1095 ilium
292 1026 390 1093 etiam
411 1026 506 1105 lauri,
530 1026 625 1091 etiam
648 1024 767 1091 devere
788 1025 941 1109 myricam

174 1112 296 1179 Pinifer
318 1110 407 1177 illurn
429 1110 527 1177 etiam
550 1111 619 1177 solu
641 1110 698 1176 sub
722 1128 802 1194 rupe
824 1110 983 1177 iacentem

121 1200 155 1265 15
174 1197 342 1265 Maenalus
365 1202 398 1263 et
420 1196 517 1279 gelidi
538 1194 697 1262 fleverunt
719 1196 943 1279 eeuabycaei.

174 1282 269 1349 Stant
292 1288 326 1348 et
348 1300 424 1348 oven
448 1282 580 1361 eircum3
603 1316 641 1331 -
665 1281 767 1347 nostri
780 1298 852 1371 ¹nee
871 1283 1017 1365 paenitet
1037 1283 1118 1360 iliae,

174 1368 242 1435 Nee
265 1374 300 1434 te
322 1368 487 1451 paeniteat
509 1366 648 1451 pecoris,
672 1365 778 1432 divine
799 1372 913 1451 poete:

174 1454 216 1521 bt
237 1453 397 1521 inrmoeue
421 1452 488 1519 ovis
511 1452 553 1519 ad
574 1450 705 1519 flumina
726 1451 815 1536 pavit
837 1452 957 1519 Adonis
979 1488 1017 1503 ·-

174 1539 271 1606 Venit
294 1543 328 1604 et
349 1538 460 1622 upilio,
483 1538 567 1605 tardi
589 1554 706 1603 venere
729 1536 866 1617 subulci3

120 1626 155 1691 20
175 1624 296 1692 Uuidus
319 1623 453 1689 hiberna
473 1623 563 1689 venit
586 1622 625 1689 de
648 1622 766 1706 glande
787 1622 958 1689 Menalcas.

175 1709 293 1777 Omnes
316 1708 428 1789 „Unde
450 1708 636 1787 meriste,
659 1713 789 1791 regent,
811 1707 913 1774 tibi?“
955 1707 1054 1774 Venit
1075 1709 1207 1793 hpnlin:

175 1794 299 1877 „Galle
323 1794 399 1877 quid
421 1794 564 1861 insaniei
599 1792 719 1877 inquit;
744 1798 899 1859 tunctune
921 1794 1052 1877 Lycoris

175 1882 319 1963 „Perque
341 1879 431 1946 nives
455 1880 551 1947 alium
574 1896 697 1963 perque
720 1878 851 1945 horrida
872 1884 979 1945 caetra
1000 1886 1112 1947 secute
1134 1883 1192 1947 ent

175 1966 273 2033 Venit
295 1970 329 2030 et
351 1966 471 2048 agresti
495 1964 609 2048 capitis
632 1963 780 2031 Silvanus
802 1963 932 2046 honore,

119 2050 155 2117 25
174 2050 336 2119 Florentis
359 2050 479 2117 ferulae
503 2054 535 2115 et
558 2049 691 2135 grandia
714 2048 782 2117 iilia
803 2068 966 2132 quassans.

174 2138 241 2203 Peu
265 2136 344 2203 deus
367 2136 523 2202 Arcadiae
546 2134 648 2215 venit,
671 2154 768 2216 quern
790 2135 926 2201 vidimus
949 2135 1010 2219 ipsi

100 2303 1273 2445 tithebiittttt'thhhh‘thetbehhhhhtttthtttth

99 2460 132 2496 un.
148 2442 179 2496 66
196 2459 249 2513 nqq.
286 2442 312 2498 ln
330 2444 382 2496 eiua
401 2444 516 2496 narruinin
535 2444 646 2510 inpressu
665 2444 762 2512 quaerit
782 2442 842 2504 Th,
868 2442 910 2496 ubi
928 2442 1025 2494 tandem
1044 2459 1073 2496 eo
1091 2448 1202 2514 tempera
1220 2442 1272 2496 iue-

98 2515 139 2564 rint
155 2512 304 2582 Nymphaei
333 2528 379 2564 nen
399 2511 474 2566 iuiaae
494 2514 555 2564 eninr
574 2519 626 2566 turn
644 2511 710 2564 nilne
729 2513 752 2564 in
770 2511 855 2564 uicinia
874 2511 946 2567 ineis.
974 2524 1037 2578 quaa
1061 2513 1175 2564 babitare
1199 2519 1273 2565 antea

97 2588 256 2646 metuentem,
275 2583 317 2634 ted
337 2581 420 2650 procui
439 2581 521 2648 ulique
540 2581 631 2646 abiete,
650 2579 755 2634 Peneum
774 2580 884 2632 inruere
901 2579 1035 2632 Pindumve
1052 2581 1168 2633 nitentat.
1196 2581 1273 2633 Sebe-

96 2649 174 2702 iiuatea
218 2665 256 2702 ve.
281 2647 329 2718 69)
355 2649 506 2718 Daphnidem
536 2650 571 2702 nit
596 2649 699 2702 niianiue
724 2666 756 2702 ex
782 2651 819 2702 hia
843 2648 918 2700 iniere
948 2655 1099 2712 amatorem
1132 2651 1194 2702 hane
1218 2665 1272 2702 eum

95 2721 177 2771 eeterie
221 2719 318 2788 ymphin
336 2733 440 2786 peregre
455 2716 593 2840 firoientam
611 2733 674 2782 aare,
700 2719 852 2788 Daphnidem
870 2717 939 2770 abitu
956 2718 1008 2770 aiut
1027 2719 1060 2770 ad
1078 2718 1121 2770 dee
1154 2719 1273 2771 rationem

95 2795 241 2854 mortemque
258 2787 418 2854 compulsum.
478 2801 522 2838 uec
540 2801 593 2838 uum
612 2802 658 2837 nou
677 2788 817 2856 eutrapirant
838 2802 892 2837 euru
915 2801 992 2838 cautu
1011 2784 1089 2850 Gabii,
1139 2787 1273 2855 peridem,

95 2871 136 2906 nen
148 2857 291 2926 Nympbam
308 2855 424 2922 aliquem,
443 2856 557 2915 nutantis,
577 2853 695 2919 Virgilius
714 2869 759 2924 pre
778 2856 816 2906 aui
834 2853 927 2906 cenaiiii
945 2855 1042 2906 ratione
1059 2855 1208 2907 immutanda
1228 2857 1273 2908 eibi

93 2923 221 2986 intellexit3
244 2923 356 2991 increpat
373 2923 449 2988 iqit'ur
467 2923 562 2976 Naidna
581 2923 753 2976 Areadiena
772 2923 842 2992 (unm
861 2937 974 2974 aenaeam
993 2923 1069 2974 totins
1087 2924 1123 2975 rei
1140 2924 1273 2976 dreadiarn

93 3007 143 3042 esee
160 2993 242 3044 ueiuit
260 2998 333 3060 poeta
357 2997 443 3058 atque,
467 2999 495 3044 ut
514 2991 551 3043 Da
571 2991 622 3042 huia
642 2993 706 3059 apud
726 2991 832 3044 Thence.
853 2993 916 3042 inter
933 2991 1030 3043 Sinnius
1049 3001 1163 3059 penteres
1182 2993 1272 3044 eonati·

93 3067 156 3113 tutua
168 3067 217 3124 eet,
235 3061 271 3111 ita
283 3058 384 3112 Gniiurn
396 3060 460 3112 ieter
471 3059 606 3112 hneadreoe
619 3060 769 3179 enuntient),
781 3061 861 3180 tqued,
879 3073 935 3111 enm
952 3059 1020 3128 ipana
1038 3061 1060 3111 in
1079 3076 1181 3112 nurnero
1198 3075 1273 3112 runa·

94 3128 145 3180 tium
165 3129 268 3180 dearum
286 3129 478 3196 pastoribusque
497 3129 703 3192 emimentem,
722 3144 780 3181 ene
803 3134 830 3179 nt
846 3129 869 3180 in
887 3126 973 3180 debera
991 3126 1058 3180 Galli
1075 3129 1139 3180 inter
1156 3135 1272 3196 praterea

93 3199 213 3250 ernediae
236 3197 369 3248 vernantia.
417 3195 560 3249 Putabimua
585 3201 666 3248 eutem
695 3211 739 3248 eae
763 3197 906 3266 Nymphae,
933 3197 996 3247 aient
1020 3195 1183 3248 Thanna-itane
1206 3198 1272 3262 ittae,

92 3265 243 3332 lonqinquina
266 3266 313 3317 iter
337 3265 462 3329 iugraeeea
487 3280 542 3316 ease
567 3265 598 3316 ud
617 3266 733 3317 visendae
753 3265 816 3317 uliae
834 3265 915 3316 veliet
934 3279 1064 3327 amoenae,
1089 3265 1171 3317 nereio
1196 3281 1271 3331 quaeq

92 3351 142 3388 nam
162 3340 232 3386 terte
249 3332 386 3384 Parnasum
404 3331 550 3396 Pindumve,
576 3333 595 3384 ai
614 3340 666 3386 tum
684 3333 716 3386 ibi
734 3341 829 3396 aaaent,
852 3348 896 3384 eaa
915 3340 1098 3386 temeraturum
1122 3351 1168 3384 nou
1187 3331 1274 3396 tutam,

91 3405 142 3468 quin
162 3401 238 3454 Geiie
257 3403 381 3454 laboranti
399 3401 527 3462 edentem,
547 3403 742 3468 quandoquidem
761 3403 785 3452 hi
803 3401 931 3454 Mutaruun
949 3407 1057 3465 mentae,
1079 3403 1127 3471 ipai
1144 3402 1274 3454 teneremini

92 3479 175 3537 penten
194 3471 362 3522 misericordie
381 3469 464 3521 aiberti
481 3469 524 3530 (ei.
543 3485 581 3520 va.
601 3469 654 3533 lt),
673 3469 745 3522 ineiie
762 3485 806 3522 eae
824 3471 948 3522 dimiaauei
965 3470 1083 3532 iniaaent,
1101 3485 1172 3520 enan
1190 3472 1273 3523 hatum

90 3553 140 3592 eum
160 3543 221 3591 datu
239 3545 378 3590 eeterorum
395 3535 593 3606 nnniunntnrae.{
630 3537 670 3590 10.
689 3540 747 3591 indi
784 3555 806 3604 e,
825 3541 919 3658 queret
943 3537 975 3590 ai,
993 3553 1032 3590 ve.
1050 3535 1084 3589 23
1102 3545 1127 3590 et
1144 3553 1169 3588 ν.
1187 3534 1212 3601 8,
1232 3537 1273 3592 18.

91 3633 119 3646 --
137 3608 189 3660 Adii
247 3609 321 3680 trah!
359 3605 399 3658 il.
419 3609 494 3672 iupa,
512 3606 664 3674 quiabirepa
682 3615 738 3660 erat
772 3609 794 3676 ,Ι
847 3605 871 3659 tt.
889 3607 1024 3674 Aganippe,
1043 3606 1273 3673 sentietieiieenee

91 3689 103 3724 ν
128 3675 155 3738 6,
174 3623 246 3737 dg?
272 3673 311 3728 18.
330 3689 355 3726 u.
377 3676 400 3737 1,
417 3671 458 3726 39.
483 3701 517 3712 -
541 3675 723 3744 luuriietium,
747 3671 814 3739 ³16·
841 3676 866 3739 8,
886 3673 929 3728 41.
954 3673 985 3727 G.
1004 3672 1028 3736 1,
1045 3672 1070 3726 4.
1089 3672 1148 3726 341.
1172 3675 1197 3736 2.
1215 3673 1275 3746 ent

92 3741 126 3794 lh.
148 3750 245 3794 mentea
263 3744 408 3810 Arcadiae!
445 3740 485 3794 16.
506 3743 609 3796 Thener.
630 3743 652 3805 1,
666 3741 699 3796 ib
711 3759 748 3812 eq.
760 3771 794 3784 -
811 3745 925 3796 Exeuaat
942 3744 1045 3796 bueeiici
1062 3744 1177 3795 carminis
1196 3745 1274 3796 humi·

92 3811 195 3874 litatem,
219 3811 261 3862 vei
285 3813 392 3864 maxime
415 3813 583 3864 expunandam
609 3813 674 3879 apud
698 3829 767 3875 enm,
793 3813 833 3880 qui
857 3813 909 3880 ipae
933 3827 1029 3864 numana
1047 3813 1182 3864 terminum
1200 3813 1274 3864 lauda

93 3883 197 3932 hereret.
215 3907 249 3920 -··
266 3880 323 3932 Neii
341 3887 495 3932 eentemnere
513 3895 582 3946 evae,
601 3895 665 3948 quae
683 3897 711 3932 ne
730 3897 775 3932 nee
794 3881 891 3948 quidem
908 3888 1074 3944 nentemnnet,
1091 3882 1135 3933 aed
1154 3882 1274 3932 aaeedunt

93 3949 119 3998 ad
136 3965 183 4000 nea
202 3962 349 4016 aeneumque
368 3949 458 4000 hebent
476 3949 552 4000 nentri
578 3949 692 4016 deleniat
730 3948 770 4003 18.
790 3949 895 4001 ibaeer.
916 3947 1016 4011 1,109.
1051 3950 1155 4011 Adonin,
1179 3951 1273 4002 inuenit

93 4017 217 4068 mirandae
241 4016 427 4084 pulchritudiuia
459 4016 550 4076 i'abniie
575 4025 703 4084 puetarum
734 4017 899 4083 celebratum!
934 4015 976 4069 ab.
1002 4017 1128 4070 Manaieea
1153 4018 1273 4070 bubuinut

92 4087 161 4145 venit,
179 4085 271 4136 nvidue
283 4085 402 4152 abequn,
421 4085 442 4136 in
461 4099 508 4152 qua
527 4085 638 4151 piandea,
656 4087 702 4138 nub
721 4088 824 4138 biennem
841 4085 961 4138 eniieetae
978 4086 1107 4154 bubusque
1125 4102 1170 4155 pre
1182 4087 1273 4154 pebuin

93 4153 244 4218 praeterite
263 4153 688 4218 italiateiitaaueaervebantumi
724 4153 766 4206 21.
786 4155 890 4207 Thanar.
911 4155 935 4216 1,
953 4151 1050 4222 ttae!
1085 4153 1127 4207 ni.
1147 4158 1273 4221 inretire,

93 4225 262 4338 perinundat,
282 4219 386 4274 Thanar.
404 4219 429 4286 2,
446 4219 540 4274 8a.--
559 4237 637 4290 nura,
655 4239 680 4276 v.
700 4239 738 4275 va.
756 4221 812 4286 th!
848 4220 883 4275 nt
900 4239 936 4290 aq.
961 4223 1035 4278 Venit
1052 4223 1182 4287 strennua,
1201 4229 1273 4276 vetur

103 4291 202 4344 taiieun
221 4303 308 4340 numen
327 4299 433 4356 egenita,
451 4305 467 4342 a
485 4291 546 4342 reati
563 4297 665 4356 ornatu,
691 4298 751 4362 puta
769 4294 841 4360 pinea
859 4307 950 4344 nerunt
968 4299 1012 4344 aut
1031 4292 1103 4344 tinniit
1136 4291 1274 4344 redimitum

94 4355 183 4410 habau·
197 4361 282 4426 eaput,
299 4364 325 4410 at
341 4359 452 4412 mambae
466 4305 559 4412 femmae
572 4375 602 4413 ae
613 4359 663 4416 iiiia
676 4367 778 4426 geatam
791 4367 866 4428 atque
877 4363 956 4414 munde
969 4329 1114 4428 quantana}
1143 4357 1185 4415 26.
1197 4375 1274 4427 quem

1057 4442 1070 4468 Ο

1035 4442 1052 4498 b
