2942 4975
191 358 256 427 344
355 396 360 403 -
563 358 597 423 Ρ.
620 315 792 423 vraarnr'
807 356 998 423 unaours

258 574 261 579 ·
278 546 413 631 Sceptra
434 545 572 612 Palatini
594 544 768 627 sedemque
789 545 873 627 petit
892 544 1045 611 Euandri.

216 634 258 699 10
278 632 346 698 Nec
368 632 457 699 satis:
482 636 641 697 erhemas
664 630 795 712 Corythi
816 631 999 713 penetravit
1020 631 1061 695 ad
1083 631 1180 696 urbes

278 718 504 801 Lydorumque
525 734 655 781 manum
678 717 831 783 collectos
853 723 958 783 armat
979 716 1133 805 agrestis¹
1250 787 1254 795 ⁵

279 803 361 881 Quid
385 803 533 868 dubitas?
566 815 651 866 nunc
673 806 800 884 tempus
823 820 935 885 equos,
957 820 1042 867 nunc
1063 819 1196 886 poscere
1220 818 1340 867 currus

278 889 402 971 Rumpe
424 906 530 954 moras
553 886 655 952 omnis
679 892 712 952 et
734 889 864 953 turbata
885 888 992 971 arripe
1015 892 1128 953 castra.

279 974 380 1053 Dixit,
404 974 491 1039 etin
515 974 638 1039 caelum
660 973 791 1055 paribus
814 992 849 1039 se
872 973 1004 1039 sustulit
1025 973 1084 1038 alis

216 1059 257 1124 15
279 1059 512 1141 lugentemque
534 1058 733 1143 hrga'secuit
754 1058 813 1124 sub
835 1059 972 1139 nubibus
994 1077 1113 1124 arcum.

279 1144 442 1226 Adgnovit
464 1146 600 1224 iuvenis,
622 1144 822 1227 duplicisque
843 1144 1013 1217 adsidens
1033 1143 1155 1226 palmas
1187 1183 1191 1192 ·

280 1229 430 1310 Sustulit,
453 1234 487 1297 et
509 1230 566 1295 tali
588 1230 765 1312 fugientem
789 1235 839 1295 est
859 1249 937 1296 voce
960 1233 1105 1295 secutus:

280 1314 337 1396 Iri,
360 1316 458 1381 decus
481 1317 574 1395 caeli,
597 1316 668 1399 quis
690 1321 724 1380 te
747 1315 823 1380 mihi
845 1315 982 1381 nubibus
1003 1320 1109 1382 actam

230 1402 232 1411 ’
279 1400 407 1467 Detulit
427 1401 460 1465 in
483 1404 607 1467 terras?
641 1403 727 1466 unde
742 1401 829 1467 ¹haec
851 1406 917 1465 tam
941 1401 1027 1467 clara
1048 1404 1183 1482 repente

216 1484 259 1550 20
281 1486 489 1569 Tempestas?
523 1488 662 1553 medium
684 1487 777 1551 video
800 1487 966 1552 discedere
989 1486 1122 1564 caelum,

280 1572 487 1655 Palantisque
509 1573 583 1655 polo
606 1573 726 1638 stellas.
772 1571 896 1654 Sequor
917 1572 1025 1637 omina
1045 1576 1145 1650 tanta,

282 1657 433 1740 Quisquis
454 1658 488 1722 in
510 1678 600 1723 arma
622 1677 725 1723 vocas,
755 1658 814 1738 ,Et
835 1659 881 1723 sic
904 1657 1018 1723 effatus
1041 1656 1082 1723 ad
1103 1657 1222 1721 undam

161 1761 174 1778 ·
280 1742 443 1809 Processit
465 1760 653 1825 summoque
674 1744 783 1809 hausit
804 1744 844 1808 de
868 1744 994 1825 gurgite
1016 1743 1171 1826 lymphas,

281 1828 385 1893 Multa
407 1830 484 1894 deos
508 1847 616 1909 orans,
639 1830 849 1911 oneravitque
870 1829 1004 1895 aethera
1024 1828 1117 1893 votis

216 1910 259 1978 25
366 1914 498 1996 lamque
521 1914 622 1979 omnis
646 1915 765 1997 campis
788 1913 948 1979 exercitus
969 1914 1037 1979 ibat
1059 1913 1188 1996 apertis,

280 1997 379 2065 Dives
402 2017 532 2081 equum,
554 2000 643 2065 dives
664 2000 763 2083 pictai
785 2000 884 2065 vestis
906 2005 940 2065 et
962 2000 1045 2079 auri3

280 2085 447 2167 Messapus
469 2085 586 2166 primas
609 2085 708 2164 acies,
732 2090 897 2169 postrema
918 2090 1078 2150 coercent·

283 2167 458 2251 Tyrrhidae
479 2169 625 2251 iuvenes3
648 2171 754 2236 medio
778 2172 842 2236 dux
865 2170 992 2253 agmine
1015 2170 1156 2249 Turnus;

216 2338 261 2404 30
282 2254 1115 2424 llttlltltlttlt}atttlttttltttllffl
1137 2254 1211 2339 ⁰⁸*

282 2428 346 2492 Per
367 2427 501 2493 tacitum
525 2412 745 2511 sergestus
766 2428 877 2512 pingui
899 2426 1028 2494 flumine
1050 2427 1142 2492 Nilus

284 2513 362 2580 Cum
385 2511 492 2578 redirit
515 2515 633 2596 campis
657 2518 690 2580 et
711 2514 776 2580 iam
797 2533 832 2580 se
855 2514 998 2579 condidit
1019 2514 1119 2578 alveo.

282 2599 345 2664 Hic
366 2599 506 2665 subitam
527 2600 619 2682 nigro
642 2599 813 2682 glomerari
835 2600 968 2683 pulvere
990 2598 1108 2664 nubem

283 2683 486 2766 Prospiciunt
508 2685 624 2754 Teucri
647 2705 684 2750 ae
706 2686 856 2751 tenebras
873 2686 1046 2767 ⁴insurgere
1069 2684 1197 2768 campis.

199 2905 285 2956 orpora,
303 2889 371 2940 nullo
390 2897 475 2939 nostro
494 2891 595 2941 corrsilio
613 2907 640 2940 sc
657 2891 709 2955 dut,
726 2900 755 2942 ut
772 2889 796 2953 5,
815 2889 858 2942 55.
907 2892 931 2942 0.
948 2891 1055 2958 Sceptra
1073 2871 1216 2955 sedentque,
1234 2880 1382 2951 rcffl'ams-

197 2959 299 3020 Pelet,
323 2974 347 3008 v.
366 2953 391 3022 8,
408 2954 450 3008 53.
470 2986 503 2995 -
518 2962 584 3024 petit
602 2959 644 3023 at,
668 2955 743 3024 vsi,
764 2957 823 3010 398.
882 2969 892 3013 t
908 2960 1032 3011 Praesens
1055 2954 1178 3023 significat
1198 2963 1259 3006 rem·
1274 2955 1382 3005 nondum

198 3026 271 3108 plane
290 3026 442 3086 absolutum
461 3028 568 3078 nondum
586 3027 649 3078 enirn
668 3028 780 3079 redierat
796 3028 895 3080 Aeneas
913 3045 945 3079 ex
963 3045 993 3079 ao
1010 3022 1122 3146 itincre}
1157 3025 1198 3078 10.
1218 3025 1274 3076 Cor.
1293 3025 1381 3080 artos,

198 3092 736 3232 retunderetalil.
755 3090 1384 3226 {trater-crdotartareae

197 3233 288 3298 impetu
307 3239 333 3282 ct
350 3233 441 3299 arripe,
459 3249 483 3282 v.
502 3229 527 3296 3,
545 3230 619 3296 4711
655 3231 695 3288 14.
711 3238 834 3302 paritur,
852 3251 877 3284 v.
894 3231 919 3298 4,
937 3230 1009 3303 2521
1045 3231 1129 3284 15.·ν.
1147 3229 1173 3295 5,
1189 3228 1273 3349 658}J
1301 3228 1336 3281 18
1346 3243 1383 3291 sq.

197 3303 256 3353 nub.
276 3306 342 3364 act,
367 3303 425 3367 quio
443 3317 554 3368 semper,
577 3320 632 3354 cum
650 3311 755 3370 apparet
777 3306 801 3355 in
819 3304 898 3368 eaelo,
915 3305 1009 3356 insistit
1027 3305 1141 3354 nubibus.
1190 3297 1233 3351 20.
1274 3299 1384 3356 iacessus

198 3370 261 3420 caeli
285 3371 309 3420 in
332 3371 438 3422 ostentis
461 3372 631 3437 portentisque
653 3374 805 3436 habebatur,
833 3373 882 3423 Cic.
908 3375 938 3423 de
962 3373 1069 3423 Divinat.
1094 3369 1117 3435 1,
1174 3367 1226 3431 ,2,
1243 3365 1300 3430 281
1341 3365 1384 3414 21

187 3438 310 3507 Sequor,
329 3439 370 3489 nlii
388 3438 503 3505 Sequer3
529 3439 654 3492 Praesens
678 3443 772 3491 indicat
789 3457 856 3504 rem,
880 3457 953 3508 quam
970 3443 1072 3504 exsequi
1090 3441 1241 3491 consitutum
1259 3441 1301 3486 est
1318 3435 1385 3500 apud

198 3507 306 3558 animum
331 3515 457 3572 nostrum,
482 3508 513 3560 ci.
537 3507 579 3574 10,
595 3507 654 3560 442.
673 3507 714 3574 12,
733 3505 788 3577 13.Ι
822 3508 865 3562 22.
884 3528 908 3560 v.
926 3509 951 3574 5,
969 3506 1043 3578 504.Ι
1078 3507 1120 3560 23.
1144 3504 1386 3574 praesentimus

199 3582 258 3626 autc
275 3573 409 3640 lavabunt}
433 3578 505 3628 dccet
527 3580 590 3628 enim
612 3595 700 3644 purum
726 3586 872 3645 castumque
891 3593 978 3645 preces
996 3575 1144 3644 consiccet
1179 3571 1222 3626 26.
1236 3575 1299 3640 pica
1318 3586 1341 3620 v.
1358 3575 1387 3620 et

200 3659 235 3708 a,
256 3644 333 3695 vestis
352 3643 801 3716 aurointertertae,v.G.1,173.1
837 3646 879 3700 28.
901 3645 1003 3715 Tyrrlt,
1021 3595 1175 3708 5184841
1208 3639 1252 3694 30.
1271 3641 1388 3692 Donum

199 3711 319 3774 „silentio
337 3712 420 3764 iuerat
438 3715 593 3780 veniendum,
611 3723 639 3766 ut
657 3717 778 3782 insperati
796 3717 846 3782 (vs.
860 3714 906 3779 49)
925 3716 1017 3767 eliusos
1035 3723 1062 3765 ct
1077 3715 1191 3765 incautos
1209 3712 1295 3761 hostes
1312 3709 1387 3758 inva-

199 3781 294 3828 derent.
330 3781 438 3845 idcirco,
464 3783 521 3847 quia
538 3785 614 3834 tacito
632 3786 729 3848 agmine
746 3787 876 3836 incedebat
894 3785 1008 3847 'furnum
1024 3780 1233 3848 comparationem
1250 3780 1297 3828 dat
1312 3783 1389 3843 pocta

200 3848 306 3898 duorum
324 3849 458 3914 fluminum,
476 3850 570 3916 Gangis
588 3860 614 3903 et
629 3853 706 3904 Nili.“
741 3854 845 3905 Servius
863 3853 1049 3917 „intelligemus
1068 3853 1132 3902 hunc
1149 3849 1289 3899 examitum
1306 3846 1389 3912 primo

200 3914 302 3965 confuse
320 3917 345 3966 in
363 3932 462 3984 campos
480 3921 574 3986 ruisse,
593 3928 649 3988 post
666 3923 789 3986 digestum
807 3925 831 3973 in
850 3924 963 3983 ordines,
989 3927 1017 3971 ut
1034 3922 1067 3970 sit
1085 3917 1240 3985 sequentium
1258 3915 1388 3965 fluminum

201 3998 311 4046 congrua
330 3988 509 4050 comparutio.“
544 3987 653 4055 Uterque
672 3998 747 4041 recte.
765 4020 799 4027 —
822 4007 949 4056 surgens,
971 3991 1111 4040 increscens
1135 3992 1230 4052 septem
1251 3983 1390 4034 fluviorum

201 4066 280 4122 aqun3
309 4060 334 4103 at
360 4063 524 4107 numeruntur
548 4059 619 4108 bodie
644 4073 659 4109 a
682 4059 831 4126 geographis
858 4067 953 4126 septem
979 4073 1069 4122 magna
1095 4056 1196 4108 llumina
1222 4054 1248 4102 in
1273 4049 1390 4115 Gangem

200 4121 341 4180 induentia;
379 4131 468 4175 auctus
501 4132 584 4175 autem
612 4129 719 4193 undiquc
747 4135 820 4178 tenta
847 4129 911 4180 mole
943 4141 1065 4193 aquarum
1086 4125 1183 4176 incedit
1210 4121 1335 4172 tacitus
1360 4127 1391 4170 et

201 4190 347 4253 sedatus,
366 4206 435 4240 more
452 4194 607 4259 copiosorum
625 4196 761 4259 fluminum,
780 4212 836 4247 narn
855 4198 959 4248 sedati
978 4209 1064 4246 amnes
1081 4195 1117 4244 illi
1133 4193 1259 4254 dicuutur,
1277 4189 1344 4255 quod
1362 4188 1389 4237 in

201 4258 313 4322 Gangem
331 4258 403 4309 effusi
423 4259 475 4310 sine
492 4263 567 4312 turba
585 4270 611 4314 et
628 4267 734 4332 strepitu
752 4281 807 4316 cum
820 4259 907 4330 Gange
918 4261 1139 4384 ΙαΙιωιῑιιιὲὸζῧΙ.
1158 4262 1209 4311 Per
1224 4263 1285 4323 lac,
1302 4256 1390 4316 “dies

200 4335 227 4377 et
251 4336 335 4394 repete
358 4329 463 4380 verbum
488 4333 510 4380 it
530 4347 544 4381 e
568 4349 606 4384 vs.
624 4331 680 4404 251
714 4331 832 4402 32.ch1.
852 4351 888 4399 a,
912 4351 937 4384 v.
961 4331 991 4384 G.
1010 4330 1036 4396 4,
1089 4371 1095 4388 .
1130 4331 1164 4384 itt
1184 4327 1266 4378 verba
1289 4327 1390 4383 reddo,

201 4411 347 4460 recurrere,
365 4397 497 4464 reducere,
516 4401 632 4468 referre,
652 4411 680 4455 ut
698 4405 808 4472 rafiam
824 4405 848 4454 lt
866 4404 883 4454 l.
901 4411 928 4453 et
945 4403 995 4454 alia
1013 4402 1127 4452 similiter
1142 4395 1293 4464 composita,
1310 4407 1390 4459 nepe
