2942 4975
239 343 301 408 174
607 343 640 407 r.
662 341 828 406 666566
849 341 1040 408 6656665

223 530 300 596 ’655
322 531 445 596 Rursus
466 529 500 594 16
522 547 610 594 arma
630 527 729 607 15666,
752 533 951 610 mortemque
974 527 1170 594 miserrimus
1193 535 1278 613 opto,

321 615 404 680 Nam
426 614 512 697 quod
535 613 700 679 consilium
722 619 779 678 aut
800 631 882 694 quae
902 614 966 678 iam
988 613 1119 680 fortuna
1141 616 1301 683 dabatur?
1409 655 1416 675 ι

322 700 418 765 Mene
441 699 555 765 efferre
576 700 704 780 pedem,
725 699 867 780 genitor,
890 704 923 764 te
945 716 1039 780 56556
1061 699 1176 766 6511616

321 784 477 867 Sperasti,
499 789 688 865 tantumque
709 783 801 848 nefas
821 784 928 865 patrio
951 784 1069 849 excidit
1090 786 1167 850 ore?

321 869 354 934 Si
377 870 455 934 nihil
479 888 518 936 ex
540 873 631 934 tanta
653 869 784 952 Superis
806 868 913 951 placet
933 868 1014 934 urbe
1035 869 1182 952 relinqui,

161 1027 164 1036 ,
239 954 303 1019 660
324 955 368 1020 Ε1
390 956 483 1021 55651
504 954 564 1019 hoc
587 955 704 1033 animo,
726 954 954 1038 perituraeque
976 955 1095 1019 addere
1118 955 1234 1022 Troiae

322 1041 431 1123 Teque
454 1045 591 1121 tuosque
612 1039 714 1118 iuvat,
735 1043 828 1120 patet
847 1039 902 1106 isti
924 1039 1022 1104 ianua
1042 1039 1118 1118 leto,

322 1124 453 1206 Iamque
475 1124 580 1189 aderit
601 1125 702 1190 multo
724 1124 843 1189 Priami
865 1124 906 1192 do
928 1125 1084 1206 sanguine
1105 1124 1257 1206 Pyrrhae,

323 1209 465 1274 Gnatum
487 1213 562 1274 ante
586 1228 642 1274 ora
663 1209 777 1290 patrie,
798 1213 924 1290 patrem
946 1209 1001 1290 qui
1024 1210 1196 1275 obtruncat
1217 1211 1261 1276 ad
1282 1231 1358 1277 aras.
1452 1268 1453 1271 ,

321 1295 391 1360 Η66
414 1299 496 1373 5661,
519 1295 603 1360 alme
623 1313 753 1377 parens,
776 1295 862 1375 quod
882 1313 935 1361 me
956 1290 1116 1377 5561516,
1137 1314 1198 1377 556
1218 1292 1304 1378 ignis

236 1379 300 1446 665
322 1379 441 1461 Eripis,
463 1384 501 1444 ut
521 1379 634 1445 mediis
656 1380 782 1444 hostem
804 1380 837 1443 iu
858 1380 1091 1462 penetralibus,
1113 1386 1214 1462 utque

321 1465 493 1530 Ascanium
514 1469 702 1548 patremque
724 1483 831 1529 meum
852 1465 1004 1547 iuxtaque
1027 1465 1180 1530 Creusam

321 1550 469 1615 Alterum
489 1551 524 1615 in
546 1550 678 1618 alterius
701 1555 857 1614 mactatos
879 1549 1034 1632 56656165
1057 1552 1210 1616 cernam?

251 1701 253 1712 ,
320 1636 433 1714 Arma,
455 1634 527 1714 viri,
550 1634 633 1700 ferte
656 1653 757 1714 arma3
778 1639 875 1700 vocat
894 1635 950 1700 lux
970 1635 1084 1700 ultima
1104 1635 1216 1701 victos.

321 1720 459 1800 Reddite
481 1738 532 1785 me
554 1720 687 1800 Danais;
710 1719 806 1785 sinite
826 1720 1007 1786 instaurata
1026 1721 1164 1786 revisam
1263 1746 1266 1752 ·

236 1804 300 1869 670
321 1805 456 1871 Proelia.
499 1805 680 1886 Numquam
703 1820 814 1870 omnes
836 1805 931 1873 hodie
952 1804 1125 1871 moriemur
1146 1806 1250 1872 inulti.

402 1890 486 1955 Hinc
507 1889 593 1955 ferro
616 1890 765 1972 accingor
786 1909 897 1958 rursus
920 1891 1086 1972 clipeoque
1108 1891 1272 1958 sinistram

323 1975 522 2040 Insertabam
544 1980 658 2057 aptans
680 1994 795 2056 meque
818 1980 910 2041 extra
930 1981 1018 2041 tecta
1038 1975 1189 2042 ferebam.

322 2060 406 2125 Ecce
429 2065 536 2125 autem
559 2061 714 2143 conplexa
735 2062 835 2143 pedes
856 2061 890 2126 in
912 2061 1021 2126 1166165
1044 2061 1180 2126 coniunx

321 2145 496 2238 Haerebat,
518 2165 713 2228 parvumque
735 2146 820 2228 petri
842 2147 997 2214 tendebat
1018 2147 1137 2211 Iulum:

236 2229 300 2297 675
322 2231 355 2296 Si
377 2232 539 2314 periturus
562 2232 643 2311 ahie,
667 2237 700 2296 et
721 2249 779 2297 nos
800 2249 878 2314 rape
899 2231 933 2296 in
955 2232 1062 2296 omnia
1082 2237 1204 2311 tecum3

323 2315 378 2381 Sin
402 2317 540 2398 aliquam
563 2322 713 2399 expertus
736 2317 871 2398 sumptis
893 2335 983 2399 spem
1005 2318 1096 2399 ponis
1117 2318 1151 2382 in
1172 2319 1280 2398 armis,

319 2402 411 2467 Hanc
432 2403 569 2484 primum
592 2407 699 2468 tutare
722 2403 859 2467 domum.
903 2401 962 2467 Cui
982 2421 1100 2484 parvus
1122 2403 1221 2482 Iulus,

321 2488 379 2554 Cui
399 2494 493 2570 pater
515 2493 548 2553 et
571 2490 706 2553 coniunx
728 2489 888 2570 quondam
911 2494 968 2552 tua
989 2489 1076 2553 dicte
1096 2489 1284 2569 relinquor?

404 2574 495 2638 Talia
516 2571 695 2638 vociferans
717 2574 840 2654 gemitu
861 2578 984 2638 tectum
1005 2593 1099 2638 omne
1121 2574 1279 2656 replebat,

236 2657 300 2722 680
322 2657 401 2723 Cum
424 2658 563 2723 subitum
586 2659 738 2739 dictuque
760 2659 864 2723 oritur
885 2658 1031 2723 mirabile
1053 2665 1242 2724 monstrum.

320 2744 466 2824 Namque
488 2761 600 2807 manus
621 2744 707 2807 inter
729 2749 987 2825 maestorumque
1009 2763 1066 2810 ora
1090 2749 1260 2826 parentum

320 2828 404 2893 Ecce
427 2827 505 2892 15615
528 2846 650 2893 summo
674 2829 714 2893 de
735 2828 857 2895 vertice
879 2828 965 2894 visus
987 2829 1050 2893 Iuli

320 2913 469 2977 Fundere
490 2914 598 2977 lumen
620 2932 702 2996 apex
723 2919 876 2994 tactuque
897 2915 1027 2979 innoxia
1047 2914 1153 2979 mollis

319 2997 477 3062 Lambere
500 2997 627 3063 flamma
649 3017 755 3063 comas
779 3003 813 3064 et
834 3000 953 3064 circum
975 3004 1121 3082 tempora
1141 3000 1238 3082 pasci.

234 3081 297 3147 685
319 3082 386 3147 1165
408 3083 514 3164 pavidi
537 3083 697 3165 trepidare
719 3088 822 3165 metu,
845 3084 1028 3165 crinemque
1050 3083 1239 3167 flagrantem

318 3168 479 3233 Excutere
503 3174 535 3233 51
557 3174 684 3235 5666165
706 3170 907 3250 restinguere
929 3169 1071 3235 fontibus
1091 3170 1185 3252 ignis.

319 3256 364 3319 At
384 3258 477 3335 pater
499 3253 654 3320 Anchises
677 3256 787 3320 oculos
809 3255 850 3319 ad
872 3256 978 3320 sidera
1001 3256 1106 3319 laetus

319 3338 457 3418 Extulit,
482 3343 515 3403 et
537 3340 624 3405 caelo
647 3340 769 3422 palmes
792 3358 863 3405 cum
885 3358 964 3405 6665
985 3338 1140 3405 tetendit:

235 3477 258 3539 1,
276 3473 350 3538 544.Ι
385 3472 442 3529 656.
461 3476 623 3542 quaesout,
641 3491 705 3541 queo
723 3477 812 3527 salutis
830 3474 895 3543 6161
929 3474 988 3528 658.
1002 3482 1020 3527 1.
1033 3476 1120 3541 uqsue,
1141 3492 1220 3527 sermo
1237 3478 1345 3528 suadens
1362 3491 1404 3526 ren

233 3543 442 3614 mundericum!
476 3542 535 3597 663.
553 3561 578 3595 v.
598 3543 622 3608 1,
640 3541 698 3608 99.Ι
730 3542 790 3597 667.
808 3560 906 3596 cernam
926 3546 1039 3596 conlundi
1064 3546 1205 3609 sanguinem
1229 3546 1305 3596 516661
1321 3552 1404 3595 666515-

233 3613 336 3680 corum!
372 3610 431 3667 668.
449 3617 550 3674 Arma,
570 3628 632 3678 quae
657 3614 754 3663 domum
772 3614 899 3677 ingressus
917 3612 1093 3732 deposuerat!
1125 3611 1184 3664 670.
1206 3625 1232 3664 v.
1257 3614 1287 3665 E.
1310 3611 1336 3677 3,
1357 3609 1404 3679 491

233 3677 283 3730 671
302 3696 339 3745 sq.
356 3697 382 3731 v.
400 3698 439 3732 vs.
457 3678 532 3739 3931
567 3679 625 3734 673.
645 3698 664 3732 6.
683 3674 850 3747 5.,’6666666
867 3677 1025 3750 ἁψαμένη
1059 3678 1118 3731 68.
1145 3681 1192 3732 Cui
1207 3682 1357 3748 relinquor?
1376 3697 1404 3730 st.

233 3748 359 3809 hostibus3
378 3757 404 3800 et
421 3749 451 3800 cf.
469 3748 494 3814 4,
507 3747 558 3800 323
575 3752 625 3819 sq!
660 3747 719 3800 681.
737 3752 809 3800 inter
826 3752 940 3815 designat
956 3751 1045 3813 locum,
1063 3750 1086 3801 in
1104 3766 1151 3815 quo
1169 3751 1250 3801 medio
1265 3752 1309 3803 val
1325 3749 1405 3801 estvel

232 3817 261 3866 fit
277 3817 379 3881 aliquid:
398 3820 462 3867 inter
478 3833 564 3868 666665
582 3827 710 3884 parentum
728 3817 806 3868 161666
825 3819 1094 3885 amplectentium,
1112 3818 1177 3881 619,
1189 3814 1241 3869 502
1251 3820 1407 3869 intermunus

233 3885 431 3948 gestantium.
441 3914 474 3923 -
482 3889 553 3938 inter
565 3902 614 3937 ora
625 3888 728 3937 invicem
741 3883 872 3955 65666561
905 3884 964 3939 683.
983 3902 1058 3955 opere,
1076 3890 1173 3937 hamma
1184 3888 1208 3937 in
1219 3888 1299 3953 651615
1311 3888 1405 3956 speciem

232 3954 380 4003 6666616616.
405 3981 439 3989 -
461 3960 534 4005 16616
557 3957 661 4020 innoc,
684 3964 713 4006 ut
733 3956 806 4006 mala
828 3959 904 4005 16516
925 3954 956 4005 G.
973 3952 999 4018 3,
1016 3950 1091 4014 416.Ι
1125 3952 1184 4007 688.
1203 3954 1282 4017 56516,
1298 3972 1325 4007 v.
1343 3957 1370 4006 E.
1385 3952 1405 4015 2,

232 4017 288 4082 30.Ι
322 4017 380 4073 690.
398 4024 495 4088 Aspice
511 4040 537 4073 6.
554 4024 579 4074 b.
598 4028 614 4073 1.
632 4024 739 4075 Cuilibet
755 4023 839 4076 Verbo
857 4024 955 4087 adiungi
976 4030 1060 4089 potest
1075 4023 1242 4074 Accusativus
1259 4022 1406 4075 substantivi

231 4090 407 4153 significatione
434 4106 488 4139 curn
515 4107 543 4141 co
562 4092 645 4143 Verbo
671 4093 782 4155 cognati,
808 4097 836 4140 61
862 4094 903 4142 iro
925 4097 979 4143 iter
998 4108 1020 4141 5.
1042 4094 1126 4153 mam,
1143 4108 1266 4159 pugnam
1285 4106 1407 4160 pugnare,

227 4159 355 4223 furorem
365 4158 469 4222 sarcre
486 4155 527 4222 12,
546 4158 610 4220 68ος
629 4161 741 4209 sirnlliter
758 4174 871 4224 aequora
888 4175 968 4211 curro
984 4157 1009 4224 5,
1026 4155 1085 4222 235,
1109 4162 1180 4225 quasi
1204 4176 1287 4211 carro
1305 4174 1406 4213 currum

233 4229 413 4285 maritimum
433 4228 476 4277 scd
494 4228 637 4292 plerumque
648 4229 707 4277 16115
720 4228 874 4278 Substantivi
892 4229 945 4278 loco
958 4230 1056 4294 ponitur
1068 4228 1203 4279 Pronomeu
1214 4230 1314 4292 generis
1325 4228 1408 4287 656161,

233 4302 262 4346 ut
279 4296 307 4346 id
324 4300 350 4346 1ο
366 4296 465 4359 hortor,
483 4295 554 4361 quasi
567 4311 626 4345 cum
636 4296 773 4346 hortatum
785 4300 811 4345 15
821 4297 929 4356 horton
946 4296 1064 4363 5616665
1076 4300 1168 4361 cogis?
1184 4296 1297 4350 66515556
1312 4300 1407 4358 Zwaag
1452 4311 1453 4324 ¹

234 4364 359 4416 11665166
375 4367 428 4415 nair
446 4367 497 4415 561
516 4361 626 4415 0666656
645 4366 681 4427 τί,
698 4365 739 4415 651
757 4366 820 4415 τίνα
837 4355 972 4431 ἀνάγκην,
989 4357 1154 4430 ἀναγκάζεις
1171 4379 1224 4443 με)
1240 4364 1310 4417 inin
1327 4366 1353 4432 6,
1364 4358 1409 4415 466

1188 4449 1204 4486 c
