2942 4975
154 215 155 220 ¹
227 273 289 338 196
592 265 631 346 Ρ.
653 261 819 327 VIRGILI
841 259 1032 326 MARONIS

227 459 291 523 490
313 456 365 522 Sic
387 449 510 532 oculos,
533 451 578 516 sic
599 450 655 514 ille
677 467 804 527 manuS,
826 448 871 512 sic
892 466 950 513 ora
971 446 1109 526 ferebat3

280 557 282 562 '
312 543 356 612 Et
377 559 462 605 nunc
485 535 611 619 aequali
633 540 741 599 tecum
763 534 955 615 pubesceret
976 551 1064 597 aevo.

302 627 380 691 ,Hos
404 643 462 706 ego
486 621 670 704 digrediens
692 619 832 684 lacrimis
854 617 986 683 adfabar
1009 617 1146 682 obortis:

313 711 419 776 Vivite
441 709 565 786 salicae,
588 705 703 788 quibus
726 709 776 768 est
798 703 929 768 fortuna
949 709 1081 785 peracta

313 797 381 862 Iam
403 794 474 873 sua3
496 811 556 878 nos
579 791 642 856 alia
664 809 703 855 ex
726 789 796 854 aliis
818 788 941 854 inlata
962 807 1121 853 vocamm.

229 882 293 948 495
314 880 414 946 Vobis
436 882 530 960 parta
552 876 657 966 quies3
679 875 803 939 nullum
824 874 921 938 maris
944 892 1064 954 aequor
1086 874 1251 951 arandum,

314 968 400 1032 Arva
421 981 526 1045 neque
548 961 711 1027 Ausoniae
734 977 861 1041 semper
884 960 1031 1024 cedentia
1053 963 1142 1022 retro

313 1049 511 1128 Quaerenda.
555 1044 704 1127 Effigiem
726 1045 848 1109 Xanthi
870 1045 1060 1126 Troiamque
1083 1044 1209 1121 vidctis,

314 1135 415 1213 Quam
436 1138 565 1202 vestrae
587 1130 694 1196 fecere
716 1149 844 1208 manus,
865 1129 1064 1207 melioribus,
1088 1134 1174 1210 opto,

313 1218 485 1302 Auspiciis,
508 1222 645 1297 atquae
667 1216 892 1281 fueritminus
916 1215 1010 1280 obvia
1033 1214 1147 1279 Graiis,

228 1305 292 1371 500
314 1305 348 1370 Si
370 1304 497 1386 quando
521 1302 672 1384 Thybrim
693 1301 862 1382 vicinaque
885 1300 1054 1382 Thybridis
1076 1319 1154 1364 arva

312 1391 440 1455 Intraro
464 1388 616 1470 gentique
638 1405 729 1453 meae
752 1386 830 1451 data
851 1387 977 1450 moenia
1000 1403 1137 1463 cernam,

268 1483 278 1494 '
315 1475 474 1557 Cognatas
496 1473 593 1538 urbes
616 1473 692 1537 olim
714 1472 914 1554 populosque
936 1472 1141 1552 propinquos

312 1561 426 1642 Epiro,
448 1557 619 1640 Hesperia,
642 1558 757 1638 quibus
779 1557 866 1621 idem
887 1556 1057 1621 Dardanus
1079 1560 1192 1620 auctor

313 1647 420 1727 Atque
442 1645 528 1709 idem
551 1661 658 1722 casuS,
681 1661 778 1706 unam
798 1642 952 1706 iaciemus
974 1646 1143 1722 utramque

229 1731 293 1798 505
315 1731 444 1795 Troiam
466 1728 594 1806 animis3
617 1731 747 1792 maneat
768 1733 895 1792 nostros
918 1746 956 1792 ea
978 1746 1055 1791 cura
1076 1731 1219 1807 nepotes

396 1813 605 1880 Provehimur
627 1813 741 1895 pelago
764 1813 869 1877 vicina
890 1811 1048 1876 Ceraunia
1068 1812 1165 1887 iuxta,

315 1899 409 1964 Unde
431 1898 495 1963 iter
515 1897 643 1962 Italiam
665 1916 840 1979 cursusque
862 1898 1067 1962 brevissimus
1089 1896 1192 1961 undis.

315 1983 370 2050 Sol
393 1984 458 2048 ruit
479 1983 606 2048 interea
628 1987 660 2046 et
682 1987 809 2047 montes
830 1983 1020 2048 umbrantur
1043 1983 1141 2063 opaci.

314 2068 495 2134 Stemimur
517 2072 648 2149 optatae
670 2069 791 2150 gremio
815 2068 940 2132 telluris
963 2068 1004 2132 ad
1025 2066 1152 2145 undam,

229 2155 293 2221 510
315 2155 429 2220 Sortiti
451 2171 569 2233 remos,
591 2154 773 2236 passimque
794 2153 828 2217 in
850 2153 944 2218 litore
966 2153 1050 2217 sicco

316 2241 458 2324 Corpora
480 2257 641 2318 curamus3
664 2238 766 2304 fessos
789 2258 884 2320 sopor
905 2238 1024 2320 inrigat
1047 2242 1144 2302 artus.

313 2325 459 2390 Necdum
483 2325 593 2390 orbem
615 2324 756 2389 medium
777 2324 849 2392 Nox
871 2324 957 2388 horis
980 2329 1053 2388 acta
1074 2322 1215 2387 subibat:

314 2411 409 2478 Haud
432 2411 538 2493 segnis
561 2415 663 2476 strato
686 2408 790 2492 surg'it
812 2409 981 2474 Palinurus
1004 2414 1038 2473 et
1061 2409 1162 2472 omnis

314 2497 471 2579 Explorat
492 2501 618 2577 ventos,
642 2501 739 2577 atque
763 2496 892 2561 auribus
916 2514 991 2560 aera
1014 2499 1132 2576 captat,

229 2580 293 2646 515
315 2581 428 2647 Sidera
451 2587 566 2645 cuncta
587 2586 680 2646 notat
702 2581 802 2646 tacito
824 2581 968 2645 labentia
989 2581 1087 2658 caelo,

313 2668 488 2732 Arcturum
510 2666 697 2748 pluviasque
719 2666 849 2749 Hyadas
872 2666 1079 2747 geminosque
1102 2664 1246 2743 Triones,

313 2752 545 2832 Armatumque
568 2768 645 2816 auro
669 2752 884 2833 circumspicit
906 2750 1033 2815 Oriona

313 2835 489 2916 Postquam
513 2840 627 2900 cuncta
648 2836 738 2901 videt
761 2837 849 2901 caelo
873 2840 1019 2901 constare
1042 2854 1164 2914 sereno,

313 2920 378 2985 Dat
401 2921 522 2984 clarum
546 2939 563 2985 e
585 2922 684 3002 puppi
707 2922 846 3002 signum3
869 2940 928 2985 nos
951 2926 1057 2985 castra
1079 2938 1245 2985 movemus

228 3003 293 3069 520
315 3004 586 3087 Temptamusque
608 3006 691 3071 viam
715 3011 749 3071 et
770 3008 915 3071 velorum
937 3005 1104 3088 pandimus
1127 3005 1203 3070 alas.

228 3198 362 3256 superstes,
380 3206 405 3241 v.
423 3190 447 3256 4,
466 3188 537 3261 6841
571 3189 630 3245 490.
650 3192 680 3242 of.
698 3192 769 3244 Hom.
788 3193 834 3244 0d.
852 3190 940 3257 4149
953 3196 1007 3263 sq}
1039 3190 1098 3244 496.
1118 3193 1149 3243 cf.
1168 3192 1193 3256 6,
1211 3192 1272 3257 61.Ι
1305 3188 1355 3243 408
1369 3208 1399 3257 sq.

226 3266 255 3308 ut
272 3260 427 3323 melioribus,
447 3276 519 3327 quam
537 3276 598 3311 vero
617 3261 705 3325 Troia,
724 3263 839 3329 auspiciis
857 3265 954 3313 condita
972 3264 1017 3326 sit,
1037 3269 1108 3328 opto,
1131 3269 1156 3311 et
1173 3269 1202 3313 ut
1218 3264 1300 3313 minus
1316 3264 1348 3313 sit
1364 3276 1401 3310 cx-

225 3329 309 3409 posita
327 3328 460 3395 hostibus!
495 3324 554 3380 503.
577 3330 667 3448 Ιξήνο,
690 3330 830 3397 Hesperio,
856 3323 922 3387 τοὺς
943 3330 1001 3399 μὲν
1023 3328 1054 3381 ἐν
1072 3324 1212 3398 Ἠπείρῳ,
1237 3323 1304 3387 τοὺς
1329 3322 1354 3381 δ’
1376 3328 1400 3379 ἐν

229 3398 372 3464 Εσπερίᾳ,
390 3413 415 3447 v.
434 3394 458 3460 7,
476 3395 554 3463 2261
603 3395 645 3449 05.
664 3412 688 3447 v.
707 3396 732 3463 2,
751 3396 810 3449 171.
828 3427 863 3436 -
884 3404 1003 3466 nepotes:
1027 3401 1155 3463 Augustus
1174 3401 1275 3449 condita
1293 3400 1317 3449 in
1334 3400 1399 3465 Epiro

228 3472 285 3532 post
301 3466 432 3517 victoriam
448 3467 575 3517 Actiacam
593 3465 706 3532 Nicopoli
724 3468 821 3532 sanxit,
844 3474 873 3518 ut
888 3468 1054 3534 Nicopolitani
1077 3483 1122 3533 pro
1146 3468 1301 3530 cognatis
1325 3470 1401 3529 obsce

226 3539 347 3583 verentur
365 3550 380 3584 a
397 3531 551 3600 Romanis„
586 3530 732 3585 sos-587.
750 3536 868 3586 stovccti
887 3534 998 3587 Troiani
1013 3551 1092 3586 raeces
1111 3537 1243 3603 appellunt
1267 3537 1306 3587 ud
1325 3541 1401 3587 Acro

228 3605 396 3666 amancium,
415 3606 621 3669 promontorium
645 3602 733 3669 Epiri;
758 3605 818 3655 indo
837 3608 1074 3671 praclarnacagant
1095 3620 1171 3655 oram
1187 3605 1297 3667 ltaliae,
1320 3619 1402 3673 oppro-

224 3671 356 3733 pioquant
365 3670 445 3735 freto
458 3670 545 3722 Siculo
557 3677 682 3736 noctuque
693 3674 789 3737 ignari
804 3676 862 3723 vice
879 3673 1005 3724 accedunt
1019 3673 1055 3723 ad
1066 3671 1145 3723 litora
1158 3673 1178 3723 C
1194 3673 1294 3739 elopem
1305 3678 1402 3725 Aetnae

224 3738 378 3802 propinqua,
397 3741 480 3804 ibique
498 3744 600 3791 noctem
617 3742 735 3791 horroris
752 3741 857 3807 planam
876 3738 1053 3808 transigunt!
1087 3738 1148 3792 509.
1186 3747 1262 3806 tom,
1286 3742 1319 3793 ci.
1337 3737 1402 3800 (LA,

226 3799 285 3882 432.
299 3810 453 3870 -grcmiq
472 3808 495 3857 in
508 3809 635 3872 gremium,
652 3824 676 3857 v.
689 3808 718 3860 E.
731 3808 756 3871 2,
775 3807 831 3877 301
861 3807 919 3860 510.
937 3809 1005 3861 Sort.
1018 3826 1049 3874 r,
1068 3810 1084 3859 i.
1103 3825 1124 3859 e.
1143 3810 1230 3860 vices
1249 3824 1402 3868 remorum,

227 3886 280 3921 srva
299 3880 441 3939 postquam,
466 3878 555 3940 quihus
583 3878 696 3943 proximo
717 3879 759 3928 die
775 3879 871 3929 vicibus
891 3879 1080 3941 remigaremus,
1103 3878 1184 3929 sortiti
1208 3894 1322 3942 eramus3
1347 3876 1403 3943 quod

227 3954 305 4058 ἓιιανθ
321 3940 370 3990 iam
382 3948 434 3991 tum
447 3941 582 3994 faciendum
595 3943 677 4008 fuerit,
695 3947 823 3996 declarant
839 3961 877 4007 ea,
895 3960 958 4011 quae
974 3948 1090 4011 leguntur
1109 3962 1147 3995 vs.
1160 3944 1309 3999 512-519.
1336 3947 1402 4011 Prop.

257 4006 294 4070 (4)
307 4006 349 4072 21,
368 4006 401 4058 12
418 4008 662 4078 „Remorumque
679 4029 772 4079 pares
790 4015 898 4063 ducite
916 4021 1002 4064 sorte
1020 4013 1144 4081 vices.“1
1179 4011 1240 4065 511.
1253 4015 1285 4067 cf.
1299 4014 1323 4079 1,
1337 4010 1403 4078 6921

227 4074 287 4129 512.
305 4079 399 4141 orbam,
417 4078 520 4128 caelum.
538 4106 572 4116 —
589 4082 660 4130 boris
678 4086 748 4144 acta,
764 4080 881 4131 Servius:
904 4098 965 4148 „per
988 4085 1063 4132 boras
1085 4098 1144 4132 suas
1168 4085 1330 4135 decurrmsf‘
1362 4080 1405 4134 alii

227 4146 313 4209 Horis,
347 4160 394 4196 uae
405 4153 524 4211 praesunt
535 4148 698 4198 vicissitudini
710 4155 848 4214 temporum
860 4152 924 4212 unni,
942 4166 989 4201 non
1001 4152 1152 4216 temporibus
1166 4152 1260 4203 diurnis
1272 4152 1404 4204 nocturnis·

229 4217 298 4280 que}
327 4161 385 4265 314.
399 4228 460 4265 aar.
474 4230 498 4264 α.
512 4220 586 4281 capt,
604 4216 720 4280 explorat
732 4232 820 4267 auram
832 4219 975 4268 auscultans
988 4220 1117 4285 strepitum
1129 4216 1230 4283 maris!
1260 4220 1321 4273 517.
1334 4227 1403 4274 Arm-

228 4299 304 4348 auro,
322 4283 432 4335 Servius:
451 4284 526 4349 „quin
544 4290 568 4335 et
586 4283 682 4335 balteus
701 4284 755 4335 cius
773 4291 799 4335 at
816 4286 913 4363 gladius
927 4288 1071 4339 clarissimis
1083 4288 1183 4352 lingitur
1195 4290 1319 4355 stclhsflfl
1351 4287 1404 4341 510.
