2942 4975
236 305 297 372 170
603 304 637 368 Ρ.
660 291 824 368 VIRGILI
846 302 1036 368 Maeonis

230 493 298 558 540
318 493 363 558 At
384 510 450 557 non
472 490 541 569 ille,
564 494 754 570 satumque
776 492 811 553 te
832 489 990 569 mentiris,
1013 489 1155 556 Achilles

320 577 408 643 Talis
430 576 463 640 in
485 575 578 640 hoste
600 573 662 639 init
683 574 826 653 Priamo;
849 575 906 640 sed
927 574 999 640 iura
1019 573 1178 657 fidemque

319 661 478 744 Supplicis
503 660 642 739 erubuit,
666 677 844 743 corpusque
867 678 1028 742 exsangue
1049 661 1222 742 sepulchro

322 746 473 814 Reddidit
495 745 705 824 Hectoreum,
728 762 843 826 meque
864 745 898 808 in
919 764 993 810 mea
1013 763 1114 827 regna
1134 747 1269 812 remisit.

321 832 373 898 Sic
394 830 479 898 fatus
502 831 621 910 senior,
644 830 809 911 telumque
830 830 949 895 inbelle
972 831 1040 896 sine
1062 831 1130 895 ictu

233 918 299 984 545
322 917 478 994 05515511,
500 933 597 980 rauco
619 915 704 996 quod
726 915 873 996 protinus
896 934 970 981 aere
992 915 1157 997 repulsum

319 1003 363 1068 nt
385 1019 507 1068 summo
532 1000 625 1082 clipei
647 1000 839 1082 nequiquam
861 1000 999 1066 umbone
1021 1001 1183 1085 pependit.

322 1087 381 1154 051
402 1085 556 1168 Pyrrhus:
582 1085 716 1151 Releres
740 1103 817 1166 ergo
839 1085 919 1150 haec
942 1090 976 1150 et
997 1087 1127 1151 nuntius
1148 1086 1210 1151 ibis

320 1171 449 1237 Pelidae
472 1171 623 1252 genitori3
644 1170 691 1235 illi
713 1189 785 1235 mea
807 1170 913 1236 tristia
934 1170 1020 1239 facta

173 1321 177 1328 ,
319 1259 584 1339 Degeneremque
606 1256 853 1339 Neoptolemum
874 1275 1007 1322 narrare
1029 1260 1199 1322 memento.

233 1343 299 1409 550
322 1343 415 1408 Nunc
437 1359 570 1406 morere.
614 1342 684 1407 Hoc
706 1341 817 1406 dicens
839 1341 954 1406 altaria
975 1343 1016 1406 ad
1037 1342 1108 1424 ipsa
1128 1345 1321 1407 trementem

320 1426 431 1492 Traxit
454 1431 488 1491 et
508 1426 542 1491 15
564 1427 665 1492 multo
687 1427 867 1509 lapsantem
888 1427 1043 1508 sangnine
1065 1426 1143 1504 nati,
1337 1431 1341 1437 '

319 1512 532 1594 Inplituitque
555 1530 677 1576 comam
699 1512 803 1590 laeva,
826 1512 1001 1593 dextraque
1024 1530 1191 1577 coruscum

318 1597 445 1663 Extulit
466 1615 502 1662 ac
524 1596 619 1662 lateri
642 1596 755 1678 capulo
777 1601 871 1661 tenus
893 1597 1016 1661 abdidit
1038 1615 1156 1662 ensem.

62 1734 68 1742 .
104 1715 110 1751 ⁴.
320 1684 409 1749 Haec
431 1680 502 1747 finis
524 1681 642 1746 Priami
663 1681 817 1761 fatorum;
839 1682 891 1746 hic
914 1682 1016 1746 exitus
1037 1683 1128 1747 illum

188 1787 191 1796 ¹
232 1767 298 1834 555
320 1765 413 1834 Sorte
436 1767 524 1846 tulit,
547 1767 673 1831 Troiam
696 1767 859 1833 incensam
882 1772 915 1833 et
936 1768 1085 1850 prolapsa
1107 1767 1271 1832 videntem

319 1855 489 1935 Pergama,
512 1856 561 1917 tot
584 1853 743 1933 quondam
765 1853 892 1935 populis
914 1853 1074 1934 terrisque
1096 1853 1271 1934 superbum

319 1939 535 2019 Regnatorem
556 1937 660 2002 Asiae.
703 1938 793 2002 Iacet
813 1937 926 2019 ingens
948 1938 1043 2003 litore
1066 1943 1208 2018 truncus,

323 2024 540 2104 Avolsumque
562 2022 702 2087 humeris
725 2027 835 2105 caput,
858 2027 891 2087 et
912 2023 981 2088 sine
1003 2023 1131 2088 nomine
1153 2041 1278 2106 corpus

401 2110 445 2174 At
466 2126 518 2172 me
541 2113 608 2172 tum
630 2108 768 2190 primum
790 2126 903 2173 saevus
926 2108 1138 2174 circumstetit
1155 2108 1283 2174 horror.

232 2194 298 2260 560
320 2193 482 2276 Obstipui:
503 2193 603 2258 subiit
624 2193 690 2258 cari
713 2193 867 2276 genitoris
887 2194 1003 2276 imago,

37 2285 50 2306 *
320 2281 366 2345 Ut
387 2297 497 2362 regem
519 2297 716 2360 aequacumn
739 2279 861 2345 crudeli
882 2280 1014 2344 volnere
1036 2278 1100 2343 vidi

319 2365 426 2431 Vitam
449 2365 663 2444 exhalantem,
686 2364 783 2430 subiit
805 2364 935 2428 deserta
957 2364 1085 2443 Creusa,

320 2451 363 2516 Et
386 2451 511 2534 direpta
532 2450 657 2531 domm,
681 2455 714 2515 et
736 2449 824 2532 parvi
849 2468 941 2515 casus
962 2449 1033 2515 Iuli.

320 2537 480 2619 Respicio,
504 2541 550 2615 et,
572 2554 654 2617 quae
677 2536 719 2600 sit
741 2554 793 2599 me
815 2535 933 2600 circum
956 2535 1059 2617 copia,
1080 2534 1193 2601 lustro.

234 2622 300 2687 565
321 2623 503 2686 Deseruere
526 2640 635 2685 omnes
658 2620 789 2699 defessi,
813 2625 847 2684 et
869 2639 1002 2702 corpora
1023 2620 1110 2701 saltu
1453 2663 1454 2686 t

322 2706 372 2772 Ad
394 2710 513 2771 terram
535 2706 650 2771 misere
674 2710 730 2769 aut
750 2705 877 2787 ignibus
900 2724 996 2787 aegra
1017 2706 1146 2771 dedere.
1452 2695 1455 2784 1

403 2792 533 2872 Iamque
556 2792 635 2855 adeo
659 2808 755 2871 snper
777 2809 859 2855 unus
882 2809 984 2870 eram,
1006 2809 1078 2855 cum
1100 2789 1210 2855 limina
1231 2791 1347 2857 Vestae
1453 2793 1454 2870 l

324 2874 511 2941 Servantem
535 2880 568 2940 et
589 2875 719 2941 tacitam
742 2881 867 2941 secreta
887 2875 920 2939 in
943 2877 1019 2941 sede
1042 2877 1198 2940 latentem
1453 2893 1454 2902 ¹

322 2960 505 3042 Tyndarida
526 2960 655 3042 aspici03
679 2961 759 3025 dant
772 2948 867 3027 'clara
887 2961 1035 3027 incendia
1056 2962 1161 3026 lucem

161 3058 164 3066 ’
232 3045 452 3109 5101155511
474 3044 654 3127 passimque
678 3046 787 3111 oculos
807 3064 866 3127 per
888 3051 1005 3112 cuncta
1025 3046 1151 3111 ferenti.

321 3130 381 3195 llla
403 3130 462 3195 sibi
483 3129 618 3195 infestos
642 3150 755 3196 eversa
776 3132 816 3196 ob
839 3132 996 3213 Pergama
1018 3133 1157 3197 Teucros

323 3216 367 3281 Et
387 3234 506 3298 poenas
528 3217 674 3281 Danaum
697 3221 731 3281 51
753 3217 874 3281 deserti
897 3217 1039 3299 coniugis
1060 3217 1124 3281 iras

321 3303 565 3381 Praemetuens,
589 3300 703 3377 Trqiae
727 3307 760 3367 et
782 3303 904 3384 patriae
927 3302 1101 3367 communis
1123 3300 1247 3382 Erinys

236 3524 322 3575 sperso
341 3508 459 3571 sanguine
476 3506 664 3575 contaminare!
699 3503 758 3557 541.
776 3506 885 3574 Supplex
903 3521 949 3557 555
966 3507 1022 3556 iura
1035 3506 1111 3556 babet
1123 3521 1138 3555 a
1150 3505 1205 3569 diis,
1223 3504 1284 3557 lova
1301 3506 1404 3564 maxime,

236 3577 260 3625 in
278 3577 459 3641 eorundemque
476 3581 514 3625 551
525 3575 616 3639 sido,
634 3590 655 3625 s.
672 3576 765 3637 tuteln3
783 3578 892 3625 orrrbuit
908 3576 984 3639 igitur
1000 3590 1020 3625 s.
1039 3575 1164 3625 reveritus
1181 3580 1221 3624 551
1231 3574 1342 3628 Achilles
1353 3575 1404 3622 baro

237 3645 392 3695 sanctitatem
404 3640 544 3711 supplicis!
571 3640 631 3693 544.
644 3646 701 3693 sino
712 3646 774 3706 ictu,
786 3645 901 3708 5551515,
913 3644 1045 3694 vulnerato
1057 3658 1094 3705 eo,
1107 3642 1147 3708 qui
1159 3648 1215 3692 erat
1226 3635 1404 3706 5515555151

132 3744 141 3754 -
236 3708 295 3762 548.
313 3715 412 3773 tristia,
431 3712 565 3779 crudelia}
600 3708 658 3763 554.
670 3713 884 3778 firzrsfatcrum,
901 3712 988 3763 511155
1006 3708 1082 3779 15151
1116 3706 1176 3761 555.
1194 3708 1283 3775 Sorte,
1301 3711 1405 3773 151551

237 3782 259 3831 51
277 3788 333 3831 erut
351 3778 434 3832 fatale.
447 3779 561 3844 -15111,
574 3780 876 3833 abstulit-videntem
893 3797 938 3847 per
954 3780 1135 3847 Appositioncm
1152 3778 1260 3829 5515155
1279 3781 1312 3829 ad
1329 3780 1406 3830 ubo:

236 3850 305 3914 isque
323 3850 404 3898 exitus
427 3849 540 3898 miserior
561 3846 609 3897 luit
632 3864 676 3911 eo,
700 3850 765 3914 quod
790 3849 896 3900 moriens
920 3850 984 3899 vidit
1000 3850 1122 3899 incensam
1141 3846 1242 3897 Troiam
1261 3848 1323 3917 5151
1356 3841 1405 3896 556.

237 3918 378 3984 superbum
395 3916 504 3984 populis,
523 3917 624 3982 imperio
642 3916 810 3985 populorum!
845 3912 904 3967 558.
922 3920 1071 3978 sinonem,
1090 3916 1351 3983 quiaabsciaocnpitc
1366 3915 1405 3964 iun
1453 3971 1454 3982 ,

236 3985 351 4050 cognosci
368 4000 414 4034 555
432 3990 538 4050 poterat,
556 3985 625 4035 cuius
643 3980 846 4052 5555155515511
878 3982 1024 4037 559-633.
1035 3988 1142 4035 Aeneas
1153 3985 1264 4034 horrore
1272 3996 1405 4052 percussus
1453 3991 1454 3994 ’

236 4055 357 4105 mercipit
373 4055 443 4102 55515
457 4055 554 4117 patris,
572 4056 692 4119 coniugis
709 4056 836 4119 purosque
847 4052 909 4116 filii,
927 4056 1031 4120 515551
1049 4055 1168 4104 omnibus
1186 4052 1318 4103 desertus.
1352 4051 1407 4102 Coo·

237 4120 536 4253 4151
544 4120 1269 4256 statuerantqueostede,
1284 4123 1407 4241 551

238 4262 388 4311 Ascanium
406 4262 541 4323 erepturus
559 4274 573 4305 5
589 4255 726 4324 pericula!
760 4253 819 4309 566.
842 4272 942 4323 aegra,
961 4258 1059 4309 (1515555
1077 4226 1231 4327 pugnanda}
1265 4255 1326 4309 561.
1343 4273 1367 4307 v.
1382 4254 1407 4305 t.
1453 4259 1454 4314 ζ

238 4326 263 4394 6,
281 4326 322 4399 6.1
357 4322 414 4378 573.
433 4318 635 4377 1555551555
653 4334 698 4390 est,
718 4326 760 4391 qni
776 4342 823 4376 555
836 4327 963 4392 opperiens
975 4326 1075 4389 malum,
1093 4327 1157 4392 qnod
1172 4326 1274 4377 videtur
1285 4328 1408 4383 15515515,
1453 4373 1454 4382 ,
