2942 4975
213 339 253 403 1e
436 302 441 318 “
534 336 615 399 r.
637 332 802 398 rrusrm
824 326 1014 396 ussurus

232 527 275 591 25
296 524 438 607 Frigida,
461 522 601 605 Daphni.
623 522 722 587 boves
745 520 786 585 ad
807 516 952 595 flumina3
975 516 1064 581 nulla
1085 536 1145 581 nec
1167 536 1295 583 amnem

298 610 425 675 Libavit
447 609 641 690 quadrupes,
663 624 723 670 nee
746 604 897 688 graminis
918 600 1026 684 attigit
1047 602 1187 667 herbam.

297 695 436 777 Daphni,
460 699 550 758 tuum
572 694 697 757 Poenos
721 690 817 755 etiam
838 686 1031 771 ingemuisse
1054 687 1165 752 leones

296 780 467 845 Interitum
489 783 678 859 montesque
699 774 759 841 feri
783 775 944 854 silvaeque
966 770 1150 854 loquuntur.

296 865 439 947 Daphnis
463 869 496 929 et
518 863 685 928 Armenias
708 880 803 925 curru
826 859 1017 940 subiungere
1039 858 1130 941 tigris

233 949 277 1017 30
297 950 455 1028 Instituit,
477 948 621 1030 Daphnis
643 947 764 1011 thiasos
787 945 938 1009 inducere
961 941 1079 1009 Bacchi

296 1036 340 1099 Et
361 1035 446 1100 foliis
468 1034 574 1099 lentas
596 1033 741 1097 intexere
763 1030 911 1095 mollibus
932 1029 1050 1093 hastas.

297 1120 380 1186 Vitis
403 1126 440 1183 ut
462 1118 628 1183 arboribus
650 1116 758 1182 decori
781 1119 844 1194 est,
867 1120 904 1179 ut
925 1109 1043 1180 vitibus
1065 1133 1155 1194 uvae,

297 1205 343 1270 Ut
366 1204 516 1286 gregibus
538 1202 636 1279 tauri,
660 1207 787 1284 segetes
809 1205 846 1265 ut
867 1198 1037 1283 pinguibus
1060 1200 1157 1265 arvis:

298 1290 347 1354 Tu
370 1291 467 1354 decus
490 1308 582 1353 omne
605 1288 677 1351 tuis.
720 1288 897 1368 Postquam
918 1291 952 1350 te
974 1284 1042 1350 fata
1064 1286 1217 1364 tulerunt,

234 1372 276 1438 35
298 1376 373 1458 Ipsa
394 1375 488 1439 Pales
511 1392 605 1455 agros
628 1378 724 1454 atque
746 1372 816 1454 ipse
838 1369 971 1452 reliquit
992 1370 1116 1453 Apollo.
1190 1412 1191 1417 κ

300 1460 442 1525 Grandia
464 1477 559 1542 saepe
583 1458 696 1541 quibus
718 1457 938 1522 mandavimus
960 1454 1081 1520 hordea
1102 1455 1207 1534 sulcis,

297 1544 413 1610 Infelix
434 1544 545 1609 lohum
568 1550 601 1610 et
623 1543 751 1609 steriles
773 1547 949 1607 nascuntur
971 1558 1103 1620 avenae3

297 1631 360 1696 Pro
383 1630 471 1695 molli
491 1630 588 1709 riola,
611 1647 668 1712 pro
691 1646 853 1711 purpureo
876 1626 1025 1705 narcisso,

299 1714 442 1781 Oarduus
466 1720 499 1780 et
521 1715 619 1797 spinis
641 1714 745 1796 surgit
766 1713 909 1795 paliurus
932 1712 1043 1777 acutis.

234 1798 277 1863 40
299 1800 446 1883 Spargite
468 1801 600 1866 humum
620 1799 717 1879 foliis,
740 1799 883 1864 inducite
904 1795 1047 1862 lontibus
1069 1796 1207 1874 umbras,

296 1886 462 1964 Pastores3
484 1886 615 1950 mandat
636 1882 705 1949 fieri
729 1884 789 1948 sibi
811 1884 889 1948 talia
909 1878 1068 1966 Daphnis3

297 1972 341 2035 st
362 1971 520 2035 tumulum
542 1969 652 2049 facite,
676 1974 708 2033 et
731 1969 854 2034 tumulo
877 1967 1083 2051 superaddite
1107 1986 1249 2032 carmen:

297 2055 442 2138 Daphnis
466 2074 524 2137 ego
547 2055 580 2120 in
603 2055 703 2133 silvis,
726 2054 800 2119 hinc
821 2072 923 2135 usque
946 2054 986 2118 ad
1008 2053 1114 2118 sidera
1135 2057 1240 2132 notus,

297 2140 442 2206 Formosi
465 2141 590 2222 pecoris
614 2144 734 2220 eustos,
756 2138 927 2204 formosior
947 2139 1024 2221 ipse.

232 2226 275 2289 45
382 2252 432 2291 nn.
477 2227 554 2291 Tale
577 2232 668 2291 tuum
691 2244 820 2290 carmen
841 2224 946 2304 nobis,
969 2223 1075 2289 divine
1097 2228 1202 2305 poeta,

298 2312 398 2388 Quale
421 2310 630 2394 supersessis
652 2312 686 2375 in
709 2311 867 2393 gramine,
890 2309 984 2391 quale
1006 2327 1064 2391 per
1087 2314 1211 2373 aestum

296 2396 407 2463 Dulcis
429 2416 530 2479 aquae
553 2398 687 2463 sahente
711 2396 797 2461 sitim
819 2396 1019 2477 restinguere
1043 2394 1120 2459 rivo.

211 2523 296 2567 ararat
313 2533 343 2568 ac
360 2533 439 2582 vagos
458 2525 483 2567 et
501 2519 551 2568 sine
569 2519 671 2568 custode
689 2518 825 2579 dimiserat,
843 2517 961 2582 comperit
975 2516 1169 2581 pertinacissime
1186 2515 1300 2580 pabulo
1318 2517 1388 2565 abs·
1461 2570 1462 2575 ,

210 2586 310 2635 tinere
327 2587 480 2650 ubertimque
497 2584 593 2649 llere.“l
620 2583 662 2636 26,
679 2589 814 2650 graminis
831 2587 910 2646 derb,
928 2586 944 2633 i.
958 2599 979 2633 e.
998 2600 1082 2634 reeens
1101 2599 1131 2633 ac
1148 2590 1259 2633 tenerum
1278 2600 1392 2648 gramca3
1461 2606 1462 2609 ¹

211 2652 242 2702 ci.
253 2651 283 2702 G.
294 2652 317 2716 1,
328 2651 400 2722 1344
428 2651 469 2704 27.
488 2654 620 2704 Caesarem
639 2655 660 2704 si
677 2661 751 2720 poeta
770 2654 815 2703 sub
834 2654 937 2703 alieuius
956 2654 1063 2718 pastoris
1082 2666 1189 2718 persona
1207 2652 1286 2702 latere
1305 2654 1392 2713 voluit,

211 2737 257 2771 uon
275 2723 355 2787 potuit
372 2721 393 2770 is
412 2728 499 2787 paster
517 2722 580 2772 alius
599 2737 667 2782 esse,
687 2737 759 2787 quam
778 2722 820 2772 illc
837 2722 943 2771 omnium
961 2720 1127 2771 nobilissimus
1146 2721 1262 2786 Daphnis.
1299 2721 1392 2772 Verum

211 2790 247 2838 ita
264 2789 345 2838 differt
364 2791 401 2839 hic
415 2789 565 2853 virgilianus
577 2790 686 2855 Daphnis
704 2791 814 2840 aSicule
833 2791 883 2853 illo,
901 2798 929 2840 ut
947 2789 1013 2839 nulla
1033 2791 1055 2839 ei
1073 2796 1142 2839 certa
1161 2790 1231 2838 sedes
1250 2790 1394 2853 assignetur

211 2871 299 2922 resque
315 2865 340 2908 et
357 2857 381 2906 in
400 2858 459 2907 Asia
477 2864 501 2908 et
518 2861 541 2908 in
560 2857 644 2908 autea
668 2859 776 2922 gessisse
797 2859 907 2917 dicatum
932 2858 968 2907 ita
991 2857 1050 2907 nibil
1073 2858 1121 2907 erit
1144 2856 1283 2906 offensionis
1310 2874 1355 2908 nec
1372 2859 1395 2907 in

211 2925 332 2975 Armeniis
349 2926 455 2990 tigribus
473 2942 517 2976 uec
534 2929 557 2976 in
577 2926 686 2977 leonibus
707 2927 801 2977 Poenis.
836 2926 914 2976 Facta
936 2932 1017 2975 autem
1040 2934 1066 2978 et
1089 2926 1177 2975 merita
1195 2926 1333 2991 Daphnidis
1350 2942 1394 2975 ex-

210 2994 299 3043 tollens
317 3001 390 3059 poeta
408 2994 484 3044 bonas
497 2996 563 3058 leges
575 3001 603 3044 at
619 3011 649 3045 ue
661 2996 786 3061 sapienter
802 2996 915 3046 instituta
928 2995 1057 3044 ostendere
1068 2995 1175 3053 videtur,
1195 2994 1283 3058 quibus
1299 2994 1394 3045 Caesar
1461 3004 1462 3007 ’

210 3063 383 3127 rempublicam
409 3062 503 3133 auxit}
537 3012 647 3115 29-19.
666 3060 751 3114 Omnis
770 3064 808 3113 bic
826 3064 894 3113 locus
912 3079 941 3112 eo
966 3063 1041 3125 redit,
1065 3070 1094 3112 ut
1110 3063 1219 3128 Daphnis
1239 3077 1291 3112 rem
1310 3070 1395 3129 pasto=

210 3131 292 3180 ritiam
305 3131 443 3181 excoluisse
459 3146 489 3182 ae
508 3132 593 3182 vitium
612 3132 734 3182 culturam
753 3133 819 3198 apud
838 3147 896 3182 suos
914 3132 1051 3182 instituisse
1068 3132 1178 3191 dicatum
1197 3146 1252 3181 cum
1271 3133 1319 3181 bac
1338 3148 1396 3182 con·

212 3199 308 3248 iunctus
321 3207 376 3249 erat
388 3199 475 3248 bacchi
488 3201 577 3250 cultus.
600 3201 666 3250 llaec
684 3207 765 3251 autern
784 3200 820 3249 ita
838 3207 950 3265 spectant
964 3199 1105 3262 Caesarem,
1123 3206 1152 3249 ut
1168 3200 1224 3265 ipsa
1241 3207 1335 3250 natura
1354 3216 1396 3267 per

210 3267 262 3316 eius
276 3283 363 3318 nurnen
374 3267 500 3317 laetiorem
513 3269 621 3319 induisse
632 3269 736 3330 vultum,
756 3269 800 3318 sed
812 3269 921 3328 eundern,
940 3269 982 3317 illo
996 3269 1126 3330 exstineto,
1146 3275 1257 3318 mutasse
1268 3269 1377 3319 dicatur.
1390 3262 1398 3331 Ι

210 3331 251 3386 29.
270 3335 359 3386 Bacchi
377 3336 427 3384 ritu
444 3337 500 3386 vehi
518 3337 624 3400 tigribus
643 3338 727 3386 currui
744 3337 840 3386 iendis.
859 3365 892 3373 —
910 3351 993 3386 curru
1012 3336 1117 3386 Dativus
1135 3351 1180 3402 pro
1200 3339 1303 3400 currui,
1322 3345 1352 3386 ut
1367 3342 1397 3387 rt

211 3402 234 3466 1,
255 3400 313 3456 156.
332 3401 357 3467 3,
375 3401 434 3454 541.
452 3403 477 3467 4,
496 3401 568 3467 3694
601 3403 642 3456 30.
661 3405 799 3467 inducere,
817 3405 956 3467 instituere,
975 3397 1097 3459 θιάσους
1115 3397 1245 3469 strepere.
1281 3405 1396 3467 Servius,

211 3474 274 3536 quod
293 3488 309 3522 a
327 3473 393 3523 nullo
412 3479 541 3537 praeterea
559 3473 682 3538 proditum
700 3482 739 3523 est
753 3473 894 3533 memoriae,
912 3473 999 3522 scribit
1016 3472 1166 3535 „Caesarem
1179 3479 1278 3522 constat
1290 3475 1396 3539 primum

211 3554 284 3590 sacra
297 3540 380 3590 Liberi
391 3542 471 3606 patris
484 3541 643 3592 transtulisse
656 3538 798 3607 liemamf‘l
820 3539 862 3592 31.
868 3541 956 3604 soliis,
968 3542 1042 3591 viteis
1054 3547 1080 3590 et
1091 3542 1241 3591 hederaeeis.
1254 3567 1288 3579 -
1301 3543 1396 3602 Datus,

209 3615 300 3657 teretes
310 3616 335 3658 et
343 3609 445 3659 flexiles.
454 3637 488 3646 -
497 3611 601 3668 tostas,
609 3609 716 3672 hastilia,
728 3610 833 3675 stipites.
843 3638 874 3648 -
884 3609 1037 3659 Describitur
1045 3611 1158 3677 thyrsus,
1166 3625 1238 3674 quem
1246 3610 1397 3661 bacchantes

211 3675 364 3744 gestabunt!
390 3675 431 3729 32.
451 3677 555 3728 Theocr.
574 3674 599 3740 8,
619 3675 652 3728 79
665 3693 701 3742 sq.
720 3693 745 3726 v.
759 3676 784 3740 2,
798 3674 853 3745 70.Ι
878 3673 919 3728 33,
939 3677 1012 3728 Drid.
1026 3679 1080 3728 Art.
1093 3680 1147 3728 Am.
1167 3677 1191 3740 1,
1203 3674 1256 3729 290
1274 3683 1399 3741 „armenti

209 3745 291 3862 gloria
308 3746 423 3794 taurus.“
459 3743 730 3813 Tisutl.4,1,208.l
758 3743 800 3796 34.
818 3744 944 3807 tuterunt,
963 3747 1128 3808 sustulerunt3
1147 3747 1217 3796 Hom.
1237 3745 1265 3796 ll.
1278 3743 1304 3810 2,
1317 3746 1397 3816 302}
1461 3770 1462 3773 ¹

228 3809 252 3862 5.
273 3813 362 3879 Apollo
379 3814 490 3878 Nomius,
509 3816 550 3879 qui
567 3815 692 3880 praesidet
710 3815 817 3880 pascuis,
835 3816 894 3868 ταῖς
908 3817 1018 3880 νομαῖς,
1036 3821 1062 3864 et
1074 3829 1098 3864 r.
1113 3813 1143 3864 G.
1155 3813 1179 3877 3,
1191 3813 1232 3878 1.Ι
1255 3811 1298 3864 36.
1312 3814 1399 3866 Gran-

210 3880 263 3937 dia,
282 3882 313 3930 ad
333 3882 462 3932 serendum
480 3884 583 3943 selecta3
602 3880 632 3933 G.
651 3879 675 3946 1,
691 3879 832 3949 tet-seq
858 3879 901 3932 37.
919 3881 1028 3946 luscha,
1045 3882 1207 3933 infecundum.
1225 3911 1260 3920 -
1278 3884 1398 3935 hordeum

212 3949 235 3998 in
254 3948 336 3998 lolium
355 3956 380 4000 et
397 3964 501 4000 avenam
520 3951 678 4014 degenerare,
697 3951 778 4017 opinio
796 3957 908 4000 veterum
927 3949 987 4012 suit,
1006 3948 1037 4000 G.
1056 3951 1080 4013 1,
1100 3948 1157 4001 154.
1176 3952 1343 4016 -seteriteq
1362 3955 1398 4002 in-

211 4016 345 4079 telligenda
357 4025 396 4067 est
408 4033 487 4068 avena
500 4018 568 4069 latua
577 4018 686 4070 Linnueo
700 4019 774 4082 dicta,
788 4019 875 4068 wilder
886 4019 979 4082 Hafa,
990 4017 1057 4068 Gall.
1066 4021 1185 4068 beveren.
1194 4047 1228 4054 —
1240 4027 1398 4083 sarmentus,

213 4100 247 4134 sc.
266 4085 290 4134 iu
307 4087 337 4135 iis
356 4086 444 4150 sulcis,
463 4088 550 4152 quibus
569 4087 632 4154 cat!
664 4084 706 4138 38.
724 4087 791 4137 neoll.
810 4101 844 4149 u,
863 4102 926 4152 quae
944 4087 1035 4136 coloris
1052 4089 1183 4138 tenemtate
1200 4102 1299 4138 sensum
1318 4090 1399 4139 molli·

138 4194 145 4207 .
208 4161 248 4204 ter
260 4152 347 4216 afficit3
367 4161 392 4204 et
403 4156 555 4218 significatur
572 4147 603 4204 τὸ
616 4151 716 4206 λευκὸν
732 4157 778 4206 ἴον
790 4171 810 4204 s.
823 4148 977 4222 tenacitem!
996 4152 1032 4204 40
1043 4171 1096 4221 sqq.
1115 4155 1216 4215 Locum,
1233 4156 1275 4206 ubi
1287 4156 1399 4223 Daphnis

209 4223 319 4288 sepultus
337 4229 383 4286 est,
402 4221 529 4274 frondibus
548 4225 676 4289 conspergi
694 4229 719 4273 et
739 4224 844 4273 arbores
862 4224 954 4274 circum
974 4222 1072 4287 tentem,
1092 4225 1123 4274 ad
1139 4239 1209 4289 quem
1224 4225 1341 4275 humatus
1353 4233 1398 4287 est,

209 4291 259 4341 seri
278 4291 443 4356 tumulumque
460 4292 575 4342 constitui
592 4292 654 4341 vult.
686 4292 805 4341 solebant
825 4292 878 4341 ruri
895 4293 1010 4358 sepulcra
1027 4294 1059 4342 ad
1079 4292 1158 4342 fontes
1175 4292 1228 4342 lieri
1246 4293 1400 4360 arboresque

208 4356 373 4425 circumseri!
399 4357 433 4411 43
451 4376 487 4426 sq.
507 4359 610 4410 Theocr.
630 4357 654 4422 1,
674 4356 724 4411 120
743 4375 779 4425 sq.
797 4386 833 4398 -
850 4362 877 4409 iu
895 4361 976 4423 silvie,
994 4375 1019 4409 v.
1040 4358 1063 4423 1,
1080 4355 1121 4422 2.Ι
1147 4357 1189 4411 47.
1208 4359 1286 4427 quale
1304 4366 1400 4437 apstin-
