2942 4975
213 312 275 381 aaa
582 310 802 402 auream
824 308 1015 376 unnoms

210 500 275 567 305
382 501 427 565 At
448 496 520 581 pius
541 499 682 575 Aeneas,
703 514 762 578 per
781 494 909 562 noctem
930 494 1069 579 plurima
1088 495 1231 580 vehens,

297 584 343 651 Ut
364 584 502 667 primum
522 583 577 647 lux
599 582 682 647 alma
704 582 782 647 data
803 585 865 661 est,
888 582 974 647 exire
996 583 1149 664 locosque
1190 582 1192 586 ’

297 669 475 752 Explorare
491 686 609 746 noros,
632 684 711 748 quas
732 672 830 733 vento
852 668 1024 733 accesserit
1045 686 1127 747 oras,

237 790 244 804 ν
299 755 360 832 Qui
382 758 528 832 teneant,
546 772 621 818 nam
642 752 765 817 inculta
784 753 886 832 videt,
907 753 1094 818 hominesne
1114 752 1256 835 feruens,

299 838 663 917 Quaerere-constitnit,
685 838 844 920 sociisque
866 840 980 903 exacta
998 837 1130 903 referre.

214 924 278 990 310
301 924 442 990 Classem
464 923 497 988 in
521 940 660 988 convexo
682 941 848 989 nemomm
870 924 929 989 sub
951 940 1031 1005 rupe
1054 929 1167 989 cavata
1197 973 1200 977 ι

179 1012 184 1027 ’
298 1010 475 1080 Arboribus
498 1009 635 1073 clausam
659 1009 778 1073 circum
801 1013 899 1091 atque
919 1008 1124 1074 horrentibus
1145 1010 1269 1075 umbris

300 1094 437 1173 Occulit3
459 1093 528 1175 ipse
550 1111 613 1159 uno
637 1094 782 1175 graditur
805 1095 973 1160 comitatus
996 1094 1128 1173 Achate,

298 1180 380 1245 Bina
400 1197 496 1245 manu
517 1179 582 1243 lato
606 1178 749 1261 crispans
769 1179 898 1245 hastilia
917 1177 1013 1244 ferro.
1208 1197 1211 1203 ’

301 1264 359 1329 Cui
381 1264 485 1334 mater
505 1263 611 1329 media
633 1282 702 1329 sese
724 1265 802 1329 tulit
821 1264 916 1332 obvia
936 1264 1029 1351 silva,-

215 1349 279 1415 315
300 1348 441 1429 Virginis
464 1366 500 1413 os
522 1348 729 1430 habitumque
751 1368 867 1431 gerens
889 1353 924 1413 et
943 1348 1076 1430 virginis
1098 1366 1195 1429 arma,

301 1432 491 1516 Spartanae,
512 1434 564 1498 vel
586 1434 688 1515 qualis
711 1453 810 1516 equos
832 1434 983 1505 Threissa
1002 1433 1120 1516 fatigat

301 1518 479 1601 Harpalyce
501 1519 728 1600 volucremque
750 1519 826 1602 iuga
848 1519 1064 1602 praevertitur
1085 1520 1239 1602 Hebrum.

301 1603 447 1685 Namque
468 1604 610 1670 humeris
633 1605 673 1669 de
694 1623 784 1670 more
804 1603 944 1670 habilem
966 1605 1180 1685 suspenderat
1200 1626 1310 1673 areum

300 1688 467 1768 Venatrix,
491 1689 687 1771 dederatque
711 1708 834 1755 comam
855 1689 1035 1755 diffundere
1055 1690 1169 1770 venus,

216 1773 280 1840 320
300 1774 395 1841 Nuda
416 1793 515 1857 genu,
534 1774 683 1856 nodoque
706 1775 793 1840 sinus
816 1776 952 1841 collecta
972 1773 1110 1840 fluentis

303 1859 349 1924 Ac
371 1860 469 1941 prior,
492 1859 594 1939 Hem,
616 1859 734 1941 inquit,
748 1860 902 1939 iuvenes,
923 1864 1114 1939 monstrate,
1136 1880 1282 1927 mearum

301 1943 434 2009 Vidistis
457 1945 482 2010 si
505 1964 600 2026 quum
621 1944 674 2009 hic
695 1951 857 2011 errantem
877 1944 963 2011 forte
984 1963 1139 2024 sororum,

303 2027 502 2095 Succinctam
524 2030 677 2112 pharetra
698 2034 732 2095 et
753 2031 934 2096 maculosae
953 2030 1095 2113 tegmine
1116 2031 1228 2112 lyncis,

302 2115 369 2179 Aut
391 2116 567 2196 spumantis
590 2116 659 2197 apri
681 2134 808 2181 cursum
831 2117 970 2182 clamore
991 2121 1200 2198 prementem
1312 2122 1316 2125 ’

218 2196 282 2266 335
389 2200 441 2265 Sic
462 2200 586 2281 Venus;
609 2206 643 2266 et
663 2201 800 2267 Veneris
822 2207 935 2267 conas
956 2201 1002 2267 sic
1022 2199 1107 2265 filins
1129 2218 1236 2267 orsus:

303 2284 400 2351 Nulla
421 2288 548 2351 tuarum
570 2287 680 2353 audita
700 2287 779 2351 mihi
799 2305 904 2367 neque
924 2287 993 2351 visa
1013 2304 1168 2366 sororum,

175 2444 188 2470 1
233 2414 238 2417 -
305 2370 395 2435 0-
418 2390 513 2452 quam
536 2377 569 2437 te
591 2390 774 2450 memorem,
795 2372 905 2454 virgo?
942 2390 1079 2453 namque
1100 2371 1186 2437 haud
1208 2372 1270 2436 tihi
1291 2372 1395 2438 voltus

222 2509 232 2538 ¹.
304 2456 464 2538 Mortalis,
485 2476 546 2528 nec
567 2477 628 2524 vox
650 2457 813 2526 hominem
835 2462 941 2537 sonat3
963 2476 996 2538 o,
1018 2457 1079 2523 dea
1101 2462 1203 2537 certe;

222 2593 224 2604 .
304 2542 355 2606 An
376 2543 498 2608 Phoebi
520 2545 630 2608 soror?
667 2563 708 2610 an
729 2543 948 2626 Nympharum
970 2543 1135 2625 sanguinis
1155 2545 1244 2608 una?

220 2625 286 2692 330
307 2625 357 2691 Sis
379 2626 467 2706 felix,
490 2633 699 2708 nostrumque
719 2628 820 2707 leveS,
844 2647 1076 2710 quaecumque,
1097 2628 1250 2708 laborem,

224 2783 227 2799 y
306 2711 362 2790 Et,
385 2730 448 2793 quo
471 2713 529 2778 sub
553 2712 641 2778 caelo
664 2714 807 2793 tandem,
830 2713 945 2796 quihus
967 2714 1053 2778 orbis
1073 2714 1108 2778 in
1129 2714 1193 2778 oris

223 2874 226 2882 ,
306 2795 478 2878 laetemur,
501 2798 630 2877 doceas3
651 2797 755 2880 ignari
775 2798 1002 2880 hominumque
1024 2799 1231 2881 locorumque

255 3053 256 3060 ¹
292 3028 436 3085 305-417.
464 3036 574 3086 Postero
598 3036 640 3087 dee
656 3039 764 3088 Aeaeae
786 3038 935 3105 exploranti
957 3040 1103 3104 regrhaerm
1128 3040 1156 3088 ia
1178 3053 1259 3102 quam
1276 3053 1398 3102 sparus

222 3105 292 3165 erat,
309 3103 410 3152 maiam
426 3116 455 3154 se
470 3105 578 3170 praebet
591 3103 679 3156 Venas
698 3108 726 3156 ia
745 3109 855 3172 speciem
872 3109 1014 3157 venaticis
1033 3109 1139 3168 oruata,
1157 3105 1231 3156 docet
1248 3121 1319 3170 mea,
1336 3121 1399 3172 qaae

223 3175 281 3224 eam
298 3174 416 3220 mactare
434 3175 492 3222 siaa
510 3175 640 3223 intererat
657 3176 732 3236 scire,
750 3177 868 3241 aiebatque
883 3178 945 3225 bosra
963 3177 1050 3225 aniam
1068 3188 1125 3224 esse
1135 3179 1163 3224 et
1173 3174 1210 3224 ad
1221 3177 1348 3239 reginam
1358 3175 1399 3224 lli·

223 3239 316 3290 doaem
330 3251 451 3322 pergere.
486 3239 549 3291 Sero
566 3243 653 3292 mater
671 3243 703 3292 ab
721 3246 812 3293 Aeaea
828 3245 926 3309 agnita
946 3246 1002 3294 abit
1018 3243 1149 3309 Paphum,
1170 3247 1291 3293 Aeneam
1313 3250 1400 3293 meas

224 3309 805 3444 tltttlttllteffttltt‘t‘ir
822 3327 936 3430 titt:
946 3316 1233 3446 3311366ζέ661
1273 3376 1314 3430 11.
1332 3307 1400 3430 atel

224 3461 259 3505 aa,
277 3463 302 3497 v.
314 3460 360 3496 us.
375 3441 451 3514 1661
485 3441 545 3496 313.
564 3447 639 3512 crisp.
657 3447 735 3510 least,
753 3463 842 3512 gerens
860 3448 959 3499 hastilia
976 3449 1008 3499 ah
1026 3449 1124 3498 incessu
1139 3447 1217 3513 ipsius
1235 3449 1402 3499 nutantis.-

223 3515 294 3578 hs‘aa,
312 3529 343 3564 ex
361 3529 429 3564 more
447 3515 547 3564 heroum
560 3513 753 3579 llomericorum,
771 3509 1048 3578 eter.1a,1ss.488.l
1085 3511 1137 3565 316
1149 3531 1186 3580 sq.
1204 3515 1403 3582 llarpslvee,

222 3580 276 3632 lilia
294 3582 430 3650 Harpalyci
447 3584 513 3646 repis
530 3583 751 3650 Amymnseorum,
773 3585 857 3651 populi
874 3584 984 3635 Thracii.
1019 3585 1089 3634 Hanc
1105 3599 1137 3649 pe
1153 3585 1286 3650 equites
1308 3569 1403 3650 quiden

224 3648 379 3714 insequentes
398 3652 497 3716 assequi
514 3657 653 3717 potuerant,
678 3658 706 3701 ut
723 3650 802 3704 refert
818 3653 929 3704 Seruus,
947 3681 983 3692 —
998 3653 1146 3704 Praesentia
1156 3653 1271 3718 fatigat
1288 3660 1315 3703 et
1330 3668 1405 3719 pras·

224 3719 338 3768 vertitur·
362 3718 499 3782 significant
522 3733 573 3770 rem
597 3734 627 3768 en
652 3717 744 3770 sabulis
766 3728 810 3771 aut
827 3737 859 3772 ex
880 3723 943 3773 artis
962 3722 1077 3788 operibns
1094 3728 1192 3783 noum,
1214 3728 1245 3771 nt
1261 3735 1303 3787 sp.
1319 3722 1365 3772 Sil.
1380 3718 1404 3784 3,

226 3780 260 3836 73
273 3799 310 3849 sq.
329 3783 439 3849 „Quales
452 3786 582 3838 Threiciae
593 3787 726 3854 Rhodopen
747 3827 766 3838 ..
778 3791 920 3841 lustrant
936 3825 956 3840 ..
975 3805 1050 3840 eumn
1084 3803 1098 3840 e
1116 3788 1253 3853 fatigant
1271 3789 1404 3840 Hebrum.“

224 3853 292 3903 adde
309 3851 364 3902 Tib.
382 3851 407 3916 2,
425 3850 450 3916 4,
468 3853 510 3906 bb.
533 3883 567 3894 —-
591 3855 716 3920 Hebrum,
734 3872 761 3907 v.
778 3858 808 3908 Ε.
827 3857 868 3920 10,
886 3855 928 3908 65.
964 3805 1150 3920 8116131307
1174 3858 1232 3919 „cui
1249 3858 1356 3908 cesserit
1370 3858 1404 3908 in·

226 3921 291 3972 ritus
310 3921 399 3971 amnis:
420 3921 502 3973 Tanta
519 3923 579 3987 luga
597 3918 675 3994 cstf‘l
710 3923 770 3976 318.
787 3927 908 3986 habilem,
925 3928 967 3991 qni
977 3925 1050 3977 facile
1061 3925 1156 3989 haberi,
1174 3926 1190 3975 i.
1203 3941 1224 3975 e.
1235 3927 1299 3989 geri,
1317 3932 1406 3992 potest,

226 3994 256 4040 ut
273 3985 298 4051 9,
316 3985 378 4051 305,
405 3997 586 4058 proptereaque
610 3999 695 4058 aptum
716 3993 832 4060 virginii
865 3991 925 4046 330.
943 3993 1023 4046 Nuda
1047 4011 1089 4060 gt,
1113 3993 1188 4044 ouo.
1211 3992 1272 4044 Met.
1292 3993 1334 4056 10,
1355 3989 1405 4046 bet

227 4056 318 4121 ,duos
335 4071 412 4121 genn,
435 4064 552 4112 vestem
575 4063 643 4113 ritu
658 4065 831 4112 succincta
848 4061 998 4114 asanaef‘
1015 4089 1049 4100 —-
1067 4063 1142 4127 aedo,
1161 4077 1187 4111 v.
1205 4059 1248 4124 11,
1266 4058 1326 4112 716.
1362 4062 1406 4112 Ce-

227 4133 307 4176 terum
330 4141 355 4176 v.
372 4124 402 4176 E.
420 4122 445 4188 3,
464 4125 538 4196 1061
579 4126 638 4180 333.
662 4129 789 4193 Sacciaga‘
810 4131 835 4181 h.
852 4129 869 4180 l.
893 4131 1016 4194 significat
1039 4131 1128 4182 instrui
1149 4130 1233 4194 aliqua
1258 4145 1288 4180 re
1308 4131 1358 4194 its,
1381 4136 1408 4180 ut

226 4195 376 4246 santhratus
402 4210 447 4260 ope
472 4197 629 4261 adiungatur.
674 4197 789 4248 Ceterum
812 4213 837 4248 v.
862 4197 892 4248 G.
916 4198 944 4261 4,
965 4195 1040 4260 3431
1083 4195 1143 4251 334.
1167 4197 1198 4248 el.
1223 4196 1254 4248 d.
1279 4195 1309 4261 3,
1333 4195 1408 4266 4131

169 4301 173 4310 .
228 4259 290 4316 837.
321 4261 412 4316 Similis
446 4265 565 4317 orationis
600 4264 679 4317 forma
714 4268 781 4332 apud
813 4265 940 4318 Demosth.
974 4259 1050 4329 „eli
1082 4261 1104 4316 ὦ
1133 4295 1164 4304 -
1196 4266 1227 4315 τί
1252 4259 1290 4318 ἂν
1318 4261 1408 4316 εἰπών

230 4331 264 4382 σέ
292 4346 333 4388 τις
363 4324 456 4398 ὀρθῶς
484 4329 688 4404 προςείποιςόίΙ
740 4331 799 4384 330.
826 4351 851 4385 v.
875 4335 904 4385 Ε.
927 4333 957 4398 5,
981 4331 1061 4402 631.
1089 4332 1149 4387 333.
1177 4351 1202 4386 v.
1227 4332 1258 4386 G.
1282 4333 1311 4399 1,
1334 4331 1410 4402 3951
