2942 4975
449 318 697 385 GEORGIOON
724 320 804 386 LIB.
825 320 866 385 11.

156 508 275 573 Terrea
297 506 467 589 progenies
491 506 578 571 dums
602 511 698 588 caput
720 507 834 571 extulit
856 509 948 587 arvis,

153 593 372 673 Inmissaeque
394 590 482 655 ferae
505 591 593 657 silvis
616 597 649 657 et
671 592 778 657 sidera
800 593 897 657 caelo.

153 678 220 744 Nec
242 697 296 742 res
318 677 403 743 hunc
425 682 558 742 tenerae
580 683 711 759 possent
732 677 877 760 perferre
899 678 1051 759 laborem,

154 762 187 828 Si
208 782 274 828 non
295 766 388 827 tanta
410 763 501 845 quies
522 764 586 827 iret
606 762 772 844 frigusque
795 763 996 845 caloremque

77 850 133 915 345
152 850 254 927 luter,
278 852 312 913 et
335 848 497 930 exciperet
520 848 600 913 caeli
622 848 824 929 indulgentia
845 852 958 913 terras.

154 934 245 1011 Quod
268 952 306 999 su
331 938 425 1013 erest,
447 952 666 1015 quaecumque
687 952 814 1015 premes
835 933 976 1016 virgulta
996 954 1054 1017 per
1076 955 1179 1019 agros,

152 1018 274 1102 Sparge
320 1037 372 1083 mo
394 1019 505 1101 pingui
530 1023 563 1083 et
584 1019 686 1083 multa
706 1037 829 1083 memor
851 1019 962 1084 occule
984 1024 1080 1100 terra,

150 1106 217 1171 Aut
239 1104 379 1186 lapidem
402 1104 558 1183 bibulum,
581 1109 637 1169 aut
658 1104 836 1185 squalentis
857 1103 966 1169 infode
989 1106 1133 1187 conchas,

151 1191 242 1255 Inter
266 1190 351 1254 enim
373 1190 524 1255 labentur
546 1208 661 1271 aquae,
683 1190 853 1271 tenuisque
875 1189 995 1255 subibit

63 1276 133 1342 ,350
151 1275 295 1355 Halitus,
318 1279 415 1357 atque
438 1275 559 1340 animos
582 1275 698 1339 tollent
721 1280 803 1354 sata,
825 1276 952 1356 iamque
974 1277 1102 1358 reperti,
1197 1352 1200 1357 ¹

152 1360 213 1438 Qui
235 1379 314 1425 saxo
338 1379 435 1443 super
455 1365 552 1441 atque
573 1359 878 1441 ingentis,pondere
901 1364 1005 1425 testae

152 1447 354 1527 Urguerent;
376 1446 437 1511 hoc
460 1445 575 1510 effusos
599 1445 761 1509 munimen
784 1446 824 1509 ad
845 1445 965 1524 imbris,

151 1532 236 1609 Hoc,
261 1531 315 1596 ubi
338 1531 444 1595 hiulca
466 1530 520 1594 siti
541 1529 635 1594 findit
658 1530 746 1594 canis
768 1529 899 1594 aestifer
921 1550 1005 1596 arva.

242 1616 424 1681 Seminibus
446 1616 573 1697 positis,
595 1620 744 1698 superest
766 1616 917 1679 diducere
939 1620 1060 1683 terram

77 1702 131 1768 355
152 1702 287 1785 Saepius
311 1703 351 1767 ad
375 1702 492 1784 capita,
515 1707 548 1766 et
571 1701 667 1765 duros
689 1701 810 1765 iactare
832 1701 981 1780 bidentis,

151 1790 217 1854 Aut
237 1806 351 1869 presso
374 1806 523 1853 exercere
546 1787 649 1851 solum
671 1786 729 1851 sub
752 1805 893 1865 vomere,
917 1787 1041 1870 etipsa

150 1873 303 1938 Flectere
326 1872 479 1937 luctantis
500 1872 586 1937 inter
607 1872 716 1936 vineta
736 1871 900 1951 iuvencos3

150 1959 234 2023 Tum
257 1958 338 2022 levis
361 1958 499 2023 calamos
521 1961 555 2021 et
576 1976 667 2021 rasae
688 1956 816 2021 hastilia
837 1957 946 2039 virgae

151 2044 393 2124 Fraxineasquc
416 2048 527 2124 aptare
550 2042 645 2107 sudes
667 2041 837 2123 furcasque
860 2043 1014 2121 valentis,

77 2128 131 2194 360
150 2130 284 2195 Viribus
307 2129 386 2192 eniti
409 2147 543 2209 quarum
567 2132 600 2192 et
623 2133 830 2192 contemnere
852 2134 966 2193 ventos

151 2216 357 2280 adsuescant
378 2232 580 2294 summasque
602 2212 693 2295 sequi
715 2213 861 2278 tabulata
881 2232 941 2295 per
962 2214 1073 2278 ulmos.

243 2300 292 2365 Ac
316 2300 390 2363 dum
413 2298 516 2381 prima
538 2298 626 2363 novis
650 2298 806 2363 adolescit
827 2297 994 2363 frondibus
1017 2302 1115 2378 aetas,

151 2385 356 2451 Parcendum
379 2384 514 2463 teucria,
539 2388 584 2463 et,
607 2385 682 2447 dum
705 2402 740 2447 se
762 2384 868 2448 laetus
890 2384 931 2447 ad
953 2402 1047 2448 auras
1154 2424 1159 2437 ι

150 2471 281 2537 Palmes
304 2470 371 2552 agit
392 2469 472 2536 laxis
494 2489 553 2552 per
574 2490 688 2553 purum
710 2469 860 2534 inmissus
883 2468 1024 2548 habenis

76 2555 130 2621 365
151 2561 231 2640 Ipsa
254 2555 322 2621 acie
345 2557 486 2621 nondum
508 2554 599 2620 falcis
622 2556 823 2637 temptanda,
845 2556 902 2619 sed
924 2556 1015 2620 uncis

151 2642 343 2724 Carpendae
364 2641 511 2707 manibus
533 2639 663 2705 frondes
686 2641 835 2723 interque
850 2640 1022 2722 legendae.

73 2853 241 2912 porsennam,
261 2863 291 2896 ne
308 2851 411 2917 1551551
447 2843 505 2898 341.
530 2845 625 2896 Primos
650 2846 760 2895 homines
779 2853 879 2896 eterra
903 2852 976 2895 natos
995 2861 1050 2896 esse
1068 2846 1190 2912 putabant
1207 2863 1251 2899 ve-

76 2921 158 2987 155551
192 2913 248 2967 343
261 2930 314 2981 sqq.
332 2913 385 2965 Nec
403 2929 443 2964 res
461 2921 568 2976 tenerae,
586 2915 601 2964 i.
621 2930 642 2964 e.
661 2929 726 2964 nova
745 2921 810 2977 satu,
828 2929 907 2965 norae
924 2914 1032 2977 frondes,
1050 2916 1113 2964 bunc
1131 2915 1251 2981 laborem,

75 2985 88 3033 i.
99 3001 118 3034 5.
134 2985 283 3047 molestiam,
302 2997 376 3049 quam
394 2992 464 3034 creat
481 2984 519 3034 vis
532 2981 632 3046 frigoris
645 2990 788 3047 aestusque,
802 2982 869 3050 ’5511
906 2980 964 3034 344.
985 2988 1060 3034 tantu
1073 2987 1152 3049 quies,
1170 2985 1251 3050 ipsum

75 3067 120 3114 ver,
137 3054 160 3102 in
178 3069 228 3119 quo
250 3052 326 3117 quies,
345 3053 475 3114 securitas,
494 3057 532 3102 est
549 3057 574 3101 et
591 3067 606 3100 a
624 3049 716 3114 frigore
734 3056 760 3100 et
778 3051 808 3100 ab
828 3051 921 3119 555151
955 3047 1015 3101 345.
1033 3055 1186 3119 5555151155
1204 3054 1251 3103 ali-

76 3121 134 3184 quid,
151 3121 166 3172 i.
186 3137 208 3172 e.
228 3119 326 3181 accidit,
346 3120 463 3182 contingit
478 3120 537 3170 mibi
554 3119 645 3183 aliquid
664 3119 789 3169 diversum
807 3120 838 3168 ab
857 3120 912 3182 illo,
939 3122 1004 3184 quod
1023 3127 1081 3171 ante
1098 3119 1152 3182 fuit,
1169 3121 1201 3171 cf.
1220 3122 1249 3172 Α.

75 3185 97 3250 3,
111 3187 181 3258 3181
218 3185 279 3240 346.
295 3204 412 3256 presuras,
437 3188 668 3250 1515555156355,
694 3187 830 3254 plantabis3
855 3188 949 3237 Colum.
968 3186 993 3252 3,
1012 3185 1053 3252 18,
1072 3186 1086 3237 l
1105 3187 1251 3253 „Pastinum

76 3265 151 3308 antam
169 3263 264 3308 vocant
282 3255 407 3320 agricolae
423 3255 598 3308 ferramentum
616 3254 752 3319 bifurcum,
771 3272 818 3321 quo
836 3257 928 3306 semina
945 3260 1115 3322 panguntur,“
1133 3259 1149 3306 i.
1168 3273 1189 3307 e.
1207 3259 1250 3309 (15-

75 3333 220 3390 merguntur,
241 3325 419 3392 deprimuntur.
431 3351 465 3361 -
483 3325 606 3390 virgulta,
625 3322 765 3388 surculos!
799 3321 851 3374 348
863 3339 915 3390 sqq.
934 3326 1043 3375 concbae
1054 3325 1128 3375 etiarn
1146 3327 1250 3392 5115151-

76 3394 331 3455 (155115615555155,
357 3394 399 3458 qui
421 3400 446 3443 et
469 3407 559 3458 aquarn
577 3395 607 3442 ad
627 3393 723 3442 radices
748 3393 919 3453 admitterent,
943 3400 969 3444 et
993 3394 1141 3458 spiramenta
1163 3394 1250 3444 115055(

89 3463 223 3514 meterent.
244 3489 276 3498 -
294 3462 416 3524 bibulum,
433 3462 552 3527 pumicem
569 3468 612 3511 aut
631 3457 798 3523 saluimum!
831 3458 891 3511 349.
909 3461 981 3512 lator
1052 3461 1116 3524 aaa,
1133 3476 1158 3509 v.
1177 3461 1206 3511 ll.
1225 3459 1251 3527 6,

75 3478 109 3592 61
140 3529 201 3582 350.
220 3533 323 3580 anforas
342 3530 440 3591 tollant,
458 3530 591 3580 laetissime
608 3527 776 3591 efflorescent3
802 3544 826 3579 v.
843 3528 869 3591 2,
887 3525 945 3592 591
979 3524 1038 3580 351.
1065 3528 1141 3592 lunge
1156 3545 1251 3597 saper·

76 3605 231 3664 arguerent,
256 3600 271 3648 i.
291 3613 312 3648 5.
331 3600 562 3664 (1555155553.-
580 3601 669 3664 atqua,
692 3615 716 3647 v.
735 3596 766 3648 G.
785 3596 809 3658 1,
826 3594 902 3666 4191
935 3594 994 3647 352.
1012 3597 1119 3660 cJTuaus
1135 3612 1251 3662 magnum

76 3666 108 3716 bic
119 3669 243 3735 quidpiam
261 3673 287 3718 et
303 3669 435 3718 vehemens
453 3667 552 3729 indicat,
570 3673 598 3716 51
612 3669 642 3716 Α.
655 3664 679 3730 5,
692 3663 750 3717 693.
770 3663 811 3727 12,
825 3664 882 3717 131.
895 3694 929 3702 -
947 3667 990 3725 ad,
1009 3664 1156 3727 adversus!
1190 3664 1250 3720 353.

77 3735 128 3785 1155
151 3744 191 3787 551
213 3736 336 3786 munimen
354 3739 477 3786 adversus
500 3742 597 3785 aestum
621 3731 809 3803 canicularem}
843 3731 902 3786 354.
927 3735 979 3785 did.
999 3739 1029 3798 t,
1053 3734 1157 3798 glaebas
1182 3736 1252 3787 dimi-

76 3803 167 3886 55551
202 3801 262 3857 355.
282 3804 318 3854 ad
335 3805 436 3867 5.,1.5.
455 3804 545 3853 circum
563 3819 597 3864 c.;
615 3809 640 3853 et
658 3804 741 3869 capita
758 3803 896 3867 significant
912 3809 1044 3868 utrumqne
1061 3804 1250 3870 extremitatem,

77 3871 110 3920 115
126 3874 223 3938 qmdem
241 3887 304 3935 earn,
323 3885 386 3937 quae
403 3879 442 3923 est
459 3871 549 3922 circum
568 3873 688 3934 radicem,
709 3873 771 3922 Cato
790 3873 821 3921 de
838 3871 867 3921 11.
881 3871 910 3921 ll.
927 3868 963 3920 33
979 3872 1088 3932 „circum
1105 3874 1187 3938 capita
1205 3874 1251 3923 nd-

77 3937 611 4007 (11155155555ς5155555511155555115111
645 3935 704 3990 356.
723 3955 748 3989 v.
767 3955 805 3990 vs.
823 3936 875 3990 303
893 3947 918 3990 et
936 3936 960 4002 1,
978 3936 1036 4008 991
1069 3935 1251 4006 358515115-
1304 3961 1315 3984 x

78 4007 166 4076 dandae
184 4011 261 4076 primo
281 4015 339 4059 sunt
355 4010 428 4069 vites,
453 4009 529 4058 donec
552 4009 680 4071 attigerint
699 4021 782 4058 ramos
800 4009 926 4069 arborum,
951 4009 982 4057 ad
1001 4024 1063 4073 quos
1081 4023 1109 4058 se
1125 4009 1252 4075 applicare
1343 4038 1346 4042 ·

77 4077 163 4140 possint
181 4085 205 4128 et
223 4077 294 4144 quasi
311 4093 355 4144 per
372 4078 474 4142 gradus,
493 4077 657 4139 tabulatu,
676 4077 752 4126 ultius
768 4077 893 4142 altiusque
904 4077 1064 4127 adscendere.
1075 4104 1110 4114 —
1128 4078 1250 4142 calamos,

78 4148 227 4208 arundineas,
254 4145 286 4195 cf.
303 4161 342 4196 vs.
359 4144 435 4208 4141
470 4141 529 4195 359.
548 4149 648 4212 aptare,
666 4146 710 4209 ita,
727 4144 765 4195 uti
783 4144 902 4206 convenit,
921 4142 1068 4211 apparare}
1101 4141 1160 4196 364.
1178 4145 1251 4195 lacis

78 4211 139 4276 lab,
158 4215 296 4280 accipienda
314 4215 373 4264 baec
391 4221 449 4264 snut
467 4213 498 4262 de
514 4213 629 4264 celeriter
644 4219 769 4263 crescente
781 4213 840 4274 vite,
858 4228 882 4262 v.
895 4216 925 4263 Α.
937 4213 962 4275 8,
976 4211 1033 4264 708.
1046 4241 1079 4250 -
1089 4228 1137 4278 per
1144 4228 1251 4280 purum,

81 4294 101 4346 p.
113 4297 181 4344 uera,
198 4282 228 4332 cf.
240 4299 279 4333 vs.
291 4277 366 4351 3871
400 4277 458 4352 365.
476 4281 543 4348 Ipsa,
561 4282 639 4348 prima
652 4289 730 4345 aetas,
749 4283 800 4332 15.
818 4289 918 4332 tenerae
936 4277 1058 4348 11550551
1082 4278 1151 4332 366.
1170 4285 1251 4332 anter-

80 4347 205 4414 legendaa,
223 4367 268 4402 non
288 4365 370 4402 omnes
389 4351 555 4416 decerpendae
572 4365 592 4400 s.
604 4351 731 4416 putandae
744 4357 809 4414 sunt,
827 4350 871 4400 sed
889 4352 1009 4415 quasdam
1027 4365 1071 4415 per
1088 4355 1157 4398 certa
1174 4350 1251 4399 intar-
