2942 4975
189 305 234 409 ι·
337 293 355 348 ν·
443 280 887 397 ,mammosnmvn
1010 245 1081 327 .'
1209 304 1272 373 aaa

178 491 308 574 Sponte
322 490 583 573 auareterisque
597 490 656 556 alei
678 509 714 556 ae
735 489 825 556 nlore
847 496 1020 560 tenentem.

89 578 158 645 205
177 578 286 659 Atque
307 574 457 657 equitem
473 576 606 641 mentlni
630 612 668 623 —
692 575 778 644 tama
795 580 850 643 eat
871 573 1036 651 obsoniiar
1058 579 1148 645 aubis
1171 616 1213 629 -

163 664 346 742 ,nummos
367 660 415 741 111
435 660 522 727 ferre
543 680 651 738 senes,
673 661 722 725 his
738 666 835 748 putus
856 666 895 727 ut
916 663 1001 745 gris
1076 711 1086 737 ,
1113 682 1117 702 ’

177 748 351 825 Dardanus
368 746 481 811 Idaeas
503 746 660 829 Phrygite
681 747 861 829 penetrarit
882 748 924 812 ad
946 748 1041 814 urbes
1136 799 1145 838 ,

178 831 420 924 Threiciamque
442 831 573 912 Samon,
595 850 677 914 quae
699 850 784 897 name
807 828 1026 901 Samothracia
1046 833 1158 924 fertur.
1275 826 1277 833 ’

177 918 264 983 Hinc
282 917 373 982 illum
395 916 527 999 Corythi
549 916 714 1000 Tyrrhena
735 917 775 983 ab
799 918 875 983 sede
897 918 1075 1002 proiectum
1127 943 1137 958 ·
1179 969 1190 992 .

89 1003 157 1069 210
177 1007 287 1069 Aurea
307 1020 391 1067 nunc
413 1002 493 1078 solio
516 1003 675 1078 salientis
696 1004 786 1085 regia
808 1003 888 1069 caeli
1089 1033 1106 1068 ι

178 1088 305 1171 Accipit
326 1092 360 1153 et
380 1106 549 1153 numerum
570 1088 717 1153 divorum
731 1089 893 1154 ultanhus
916 1090 1014 1155 addit

260 1173 408 1252 Dixerat;
429 1177 464 1237 et
485 1174 572 1238 dicta
591 1173 733 1239 Ilioneus
755 1174 800 1238 sic
822 1192 901 1239 voce
923 1180 1065 1244 secutus:

177 1260 259 1338 Rex,
280 1277 380 1341 genus
401 1257 567 1341 egregium
587 1257 704 1337 Fauni,
725 1277 785 1323 nec
807 1258 955 1325 fluctibus
977 1265 1066 1326 actos

177 1345 260 1409 Atra
280 1343 408 1425 subegit
428 1342 552 1426 hiemps
573 1343 690 1409 vestris
712 1345 886 1428 succedere
908 1346 1012 1426 terris,

89 1427 157 1495 215
178 1430 248 1494 Nec
269 1429 356 1495 sidus
378 1430 510 1510 regione
531 1429 602 1494 riae
624 1430 741 1495 litusve
763 1429 892 1508 fefellit;

179 1514 318 1583 Consilio
339 1513 421 1579 hanc
444 1533 554 1579 omnes
577 1514 754 1595 animisque
775 1515 957 1581 volentibus
978 1517 1091 1581 urbem

177 1599 375 1679 ddierimur,
396 1600 480 1682 pulsi
501 1600 623 1681 regnis,
644 1618 726 1681 quae
748 1618 896 1665 maxuma
917 1602 1077 1683 quondan

177 1687 330 1751 Eutrenm
351 1685 484 1750 veniens
505 1684 561 1750 Sol
582 1684 758 1767 aspiciebat
780 1686 923 1768 Olympo.

177 1772 228 1836 Ab
249 1770 326 1836 Iove
347 1770 538 1852 principium
560 1771 703 1852 generis;
724 1770 801 1852 Iove
823 1770 974 1837 Dardana
994 1772 1101 1855 pubes

91 1855 157 1921 220
179 1856 309 1921 Gaudet
331 1874 403 1934 avo;
425 1874 483 1921 rex
504 1856 573 1938 ipse
595 1856 680 1921 loris
702 1857 743 1921 de
766 1861 862 1937 gente
884 1875 1040 1940 suprema,

179 1941 294 2007 Troius
315 1942 454 2019 Aeneas,
476 1945 532 2006 tua
553 1960 612 2006 nos
633 1942 673 2006 ad
695 1942 806 2007 limina
828 1942 922 2007 misit.

178 2026 306 2105 Quanta
324 2044 385 2108 per
405 2027 519 2091 Idaeos
539 2027 643 2091 saevis
666 2026 767 2091 effima
788 2027 931 2109 Mycenis

81 2122 86 2131 '
178 2113 366 2195 Tempestas
388 2111 463 2177 ierit
484 2130 625 2194 campos,
648 2112 764 2195 quibus
785 2117 875 2177 aetus
898 2117 1035 2194 uterque

176 2198 327 2280 Europae
349 2202 446 2279 atque
468 2197 563 2262 Asiae
585 2196 660 2263 fatis
683 2197 884 2262 concurrerit
905 2189 999 2276 olbia,

90 2281 155 2348 225
176 2283 300 2361 Audiit,
323 2282 406 2347 etsi
428 2300 523 2364 quem
544 2283 642 2347 tellus
665 2288 808 2347 extrema
829 2282 937 2347 retuso
1053 2332 1060 2342 .
1172 2313 1178 2324 ·

177 2368 352 2433 Submovet
373 2367 517 2447 Oceano,
539 2372 574 2432 ot
595 2368 622 2433 si
644 2386 740 2449 quem
763 2371 893 2433 extenta
914 2368 1081 2449 plagarum

178 2453 338 2532 Quattuor
358 2454 392 2519 in
414 2454 519 2520 medio
542 2453 663 2519 dirimit
683 2453 780 2536 plaga
801 2452 884 2520 Solis
905 2453 1015 2535 iniqui.

176 2540 305 2605 Diluvio
328 2539 444 2605 exilio
467 2544 518 2605 tot
539 2545 630 2605 vasta
651 2558 711 2623 per
731 2557 872 2621 aequora
894 2540 979 2604 vecti

176 2625 236 2690 Dis
257 2625 367 2690 sedem
389 2625 535 2707 exiguam
556 2625 669 2707 patriis
689 2625 830 2707 litusque
852 2643 1001 2706 rogamus

88 2709 155 2776 230
175 2711 353 2776 Innoermm
376 2716 410 2776 et
431 2710 555 2783 cuncis
576 2711 759 2792 undamque
781 2727 955 2792 auramque
976 2714 1151 2792 patentem.

175 2797 251 2862 Nou
273 2794 390 2862 erimus
412 2813 511 2878 regno
533 2797 714 2873 indecores,
735 2813 796 2860 nec
817 2800 927 2862 vestra
946 2795 1071 2862 feretur
1163 2837 1167 2842 -

176 2882 277 2946 Fama
298 2882 376 2946 levis
399 2881 546 2963 tantique
567 2881 731 2947 abolescet
754 2881 857 2963 matio
877 2880 963 2962 facti,

176 2968 245 3032 Nec
268 2966 395 3032 Troiam
416 2968 576 3032 Ausonios
598 2967 718 3050 gremio
742 2967 905 3049 excepisse
927 2968 1058 3050 pigebit

178 3053 262 3118 Fata
282 3070 341 3134 per
361 3053 491 3119 Aeneae
512 3053 583 3117 iuro
606 3054 814 3134 dextramque
836 3057 1010 3134 potentem,

90 3138 156 3204 235
178 3138 252 3203 Sive
274 3135 338 3202 fide
359 3155 416 3202 seu
438 3138 510 3219 quis
531 3138 617 3203 hello
640 3142 691 3204 est
713 3143 866 3219 oupertus
889 3141 922 3217 qt
943 3139 1052 3204 armis:

90 3324 205 3382 agreste,
228 3318 280 3368 siue
297 3317 410 3380 legibus,
431 3318 483 3367 siue
499 3317 615 3383 imperio,
636 3317 742 3368 liberum
760 3323 836 3383 atque
855 3315 1006 3386 solutum.“{
1042 3313 1102 3368 204.
1121 3333 1150 3366 ae
1168 3312 1273 3380 tenent:

89 3388 170 3438 vitam
188 3399 258 3436 suam
275 3386 451 3449 moderantem,
470 3389 518 3436 oet.
536 3386 580 3436 dei
594 3401 673 3449 mora,
692 3401 761 3436 more
779 3401 795 3436 a
811 3385 919 3436 Saturno
937 3386 1059 3448 instituto,
1077 3384 1109 3436 ci.
1127 3385 1200 3435 0vid.
1212 3383 1271 3435 Met.
1376 3378 1391 3399 '

64 3508 67 3512 A
90 3453 116 3519 l,
128 3452 225 3520 89sqq.
274 3451 334 3504 206.
352 3455 475 3504 Auruncis
491 3455 627 3520 imperasse
643 3454 758 3505 Latinum
776 3453 921 3517 intelligitur
938 3469 970 3504 ax
989 3453 1030 3517 11,
1039 3449 1192 3570 316--191Ὗ
1211 3449 1270 3504 209.

89 3539 115 3574 r.
127 3523 158 3574 Ε.
171 3521 195 3585 1,
244 3550 295 3574 .-
309 3522 444 3591 Corythus,
463 3521 572 3572 Cortona
589 3522 715 3585 Etrurine,
733 3522 764 3572 ci.
783 3520 808 3586 3,
822 3519 1018 3574 170.-—Hiuc
1036 3524 1073 3572 ab
1091 3521 1151 3572 aede
1190 3522 1272 3588 part,

89 3608 114 3642 v.
133 3592 163 3642 E.
183 3591 206 3654 1,
224 3589 280 3660 541
315 3589 374 3642 211.
393 3605 520 3642 numerum
538 3591 662 3641 altaribus
680 3593 782 3642 deorum
800 3591 882 3652 addit,
900 3591 958 3656 quia
976 3597 1001 3641 et
1019 3591 1066 3657 ipsi
1092 3589 1183 3640 altaria
1201 3589 1272 3639 iusti-

90 3667 204 3722 munuc,
217 3667 246 3712 ut
254 3661 308 3710 deo.
320 3687 353 3698 -
365 3659 414 3710 alu
422 3659 501 3710 altar.
513 3659 615 3729 auget}
643 3657 703 3712 215.
715 3660 798 3710 nullus
808 3673 880 3709 error
889 3660 964 3709 necin
974 3658 1137 3710 observandis
1148 3657 1271 3709 sideribus

91 3729 225 3791 admissus,
241 3745 287 3779 nec
304 3743 336 3778 ax
354 3729 509 3792 ignoratione
524 3728 625 3778 litorum
642 3736 817 3793 terrarumque
834 3735 904 3778 artus
923 3743 967 3778 uos
985 3729 1041 3790 ulio,
1060 3741 1133 3792 quam
1152 3742 1199 3791 quo
1217 3732 1272 3777 teu·

90 3798 219 3860 dabamus,
236 3796 355 3859 abduxit,
375 3813 399 3847 v.
417 3792 444 3859 2,
461 3792 536 3862 7311
570 3793 629 3846 218.
648 3796 725 3849 lira.
746 3795 800 3858 ot,
825 3795 856 3846 ab
869 3795 983 3846 edentuli
1018 3802 1073 3846 arte
1090 3791 1177 3858 caeli!
1211 3790 1271 3847 219.

90 3866 214 3918 Stemma:
231 3865 350 3933 luppiter,
361 3864 502 3929 Dardanus,
512 3864 663 3927 Laomedon,
675 3859 812 3926 Priamus!
841 3861 900 3916 220.
914 3879 931 3913 ν
941 3862 991 3928 ,10,
1054 3859 1075 3930 .1
1098 3860 1158 3916 225.
1170 3863 1274 3928 rqsuao,

89 3926 236 4002 ἇψορρόῳ,
253 3942 338 3986 terras
356 3935 478 3984 ambiente
494 3942 520 3985 et
537 3934 562 3984 in
581 3949 609 3984 se
625 3934 704 4000 ipsum
722 3931 862 3999 redeunte]
897 3929 956 3984 226.
977 3932 1076 3984 Oceano
1093 3931 1273 3983 estAhlativus

89 4004 153 4053 locir
172 4003 193 4052 si
211 4015 283 4068 quem
300 4003 376 4052 litora
394 4001 487 4053 Oceani
504 4003 657 4053 habitantem
675 4007 736 4060 cet.;
756 4000 869 4052 similiter
885 4017 923 4052 vs.
937 3997 988 4052 140
1005 4003 1132 4068 „duplices
1150 3999 1273 4066 Caeloque

89 4069 223 4136 Ereboque
245 4076 360 4137 parentes
369 4072 394 4132 ,⁸‘
417 4071 457 4135 qui
480 4079 538 4121 aunt
559 4072 584 4120 iu
608 4070 697 4134 Caelo,
721 4070 816 4128 Ereb03
840 4086 878 4122 rs.
897 4067 956 4121 269.
976 4077 1095 4122 monstra
1113 4069 1197 4132 caeto,
1216 4071 1231 4118 i.
1251 4084 1272 4117 e.

90 4145 188 4190 ostenta
201 4142 232 4191 de
244 4139 314 4189 eaelo
327 4155 347 4189 s.
361 4139 436 4189 adiis
447 4140 536 4202 missa,
556 4155 653 4189 aarum
673 4139 733 4191 eolla
752 4155 789 4190 vs.
804 4135 863 4202 351,
881 4139 945 4189 adde
960 4123 1027 4191 45oe
1039 4138 1121 4204 Epiro
1146 4137 1272 4204 Hesperio
1382 4166 1391 4185 .

89 4206 115 4273 3,
131 4205 193 4259 503.
211 4205 236 4271 8,
254 4204 314 4261 419.
324 4209 452 4275 flumina,
475 4209 508 4257 ad
531 4211 634 4270 flumen,
660 4205 685 4268 6,
703 4207 763 4260 610.
781 4236 815 4245 -·
833 4208 947 4267 Ceterfin
971 4224 996 4258 r.
1013 4207 1043 4258 Ε.
1062 4204 1105 4270 10,
1121 4175 1176 4264 131
1211 4201 1271 4254 227.

88 4275 181 4360 laage:
197 4279 227 4326 a'a
243 4276 328 4358 suadria
345 4280 471 4358 quattuor
485 4276 639 4357 plagarum,
657 4284 683 4327 et
699 4277 731 4327 cl'.
751 4275 781 4326 G.
800 4275 825 4339 1,
842 4274 894 4341 233
912 4280 987 4396 sqq!³
1014 4273 1073 4327 230.
1091 4275 1188 4357 ianoe,
1206 4271 1272 4336 quod

90 4360 144 4398 ama
159 4347 276 4396 molum
292 4351 318 4395 et
335 4343 444 4412 periculo
460 4345 567 4396 ahorum
582 4347 733 4449 tammus}
767 4341 819 4396 234
836 4344 948 4453 aqacrg.
989 4361 1012 4411 p.
1030 4345 1062 4394 ad
1080 4343 1135 4393 ihv.
1154 4337 1178 4404 t,
1196 4335 1221 4402 5,
1239 4336 1272 4392 ll
