2942 4975
215 292 260 359 ‘14
588 292 621 356 P.
645 290 810 358 VIRGILI
832 290 1021 357 MARONIS
1071 375 1074 396 Ι

302 479 382 545 Inde
404 479 458 544 ubi
479 479 543 546 iam
564 478 676 545 validis
697 478 863 561 amplexae
885 477 1038 560 stirpibus
1060 478 1163 545 ulmos

303 564 462 643 Exierint,
485 569 553 629 tum
575 564 697 645 stringe
721 582 841 642 eomas,
864 569 933 628 tum
954 563 1103 629 bracchia
1124 566 1236 645 tonde;

303 650 387 715 Ante
409 649 619 715 reformidant
639 647 773 727 terrum3
796 653 865 713 tum
888 648 962 714 deni
985 667 1025 713 ue
1048 650 1128 715 dura

213 734 282 800 370
303 736 426 800 Exeree
447 735 572 817 inperia
594 739 627 799 et
647 752 754 800 ramos
775 752 942 815 compesce
963 667 1102 801 inentis.

150 840 156 851 ’
393 820 562 885 Texendae
585 838 697 901 saepes
719 820 818 885 etiam
840 824 874 885 et
894 837 992 901 pecus
1015 838 1109 885 omne
1132 822 1319 900 tenendum,

301 905 477 988 Praecipue
500 906 575 971 dum
598 903 686 969 frons
709 911 822 971 tenera
842 904 1081 987 inprudensque
1103 905 1263 986 laborum;

303 989 361 1055 Oui
384 1009 480 1073 super
501 990 647 1072 indignas
668 989 790 1055 hiemes
811 991 976 1072 solemque
997 990 1163 1071 potentem

303 1075 474 1141 Silvestres
496 1076 545 1141 uri
568 1074 699 1141 adsidue
722 1094 921 1158 capreaeque
943 1093 1097 1158 sequaces

214 1160 281 1226 375
303 1162 469 1239 luludunt,
491 1165 666 1242 pascuntur
688 1179 764 1226 oves
787 1161 962 1242 avidaeque
983 1161 1146 1227 iuvencae.

304 1246 439 1328 Frigora
460 1265 521 1312 nec
543 1251 668 1311 tautum
691 1266 771 1311 cana
793 1251 942 1311 concreta
962 1246 1077 1327 pruina

303 1331 370 1396 Aut
391 1331 495 1413 gravis
517 1331 702 1397 incumbens
725 1330 864 1413 scopulis
886 1331 1051 1396 arentibus
1073 1335 1187 1411 aestas,

304 1416 464 1495 Quantum
486 1416 534 1482 illi
556 1435 694 1483 nocuere
718 1435 833 1499 greges
854 1416 991 1498 durique
1012 1435 1172 1482 vencnum

303 1502 417 1567 Dentis
441 1507 473 1569 et
495 1503 642 1570 admorso
665 1503 792 1583 signata
812 1502 847 1566 iu
869 1502 970 1584 stirpe
993 1502 1133 1568 cicatrix.

214 1586 282 1652 380
302 1587 376 1653 Non
398 1588 494 1654 aliam
516 1588 556 1651 ob
580 1589 706 1669 culpam
727 1586 854 1653 Baccho
878 1606 974 1670 caper
996 1587 1142 1654 omnibus
1163 1588 1228 1655 aris

304 1672 456 1738 Caeditur
478 1678 511 1739 et
532 1678 659 1739 veteres
681 1674 795 1738 ineunt
816 1672 1003 1755 proscaenia
1024 1673 1091 1737 ludi

302 1759 512 1841 Praemiaque
534 1758 670 1841 ingeniis
692 1777 791 1840 pagos
814 1762 848 1823 et
869 1757 1009 1839 compita
1030 1758 1150 1823 circum

303 1843 460 1908 Thesidae
483 1861 621 1926 posuere
642 1849 739 1925 atque
761 1844 846 1908 inter
867 1843 983 1926 pocula
1004 1843 1082 1909 laeti

302 1928 453 1994 Mollibus
475 1930 508 1993 in
530 1928 630 2010 pratis
652 1933 767 1993 unetos
789 1929 914 1994 saluere
935 1947 995 2010 per
1017 1933 1113 1994 utres.

214 2014 281 2079 385
303 2014 371 2078 Nec
393 2032 457 2079 non
479 2013 624 2092 Ausonii,
647 2015 744 2079 Troia
764 2032 844 2095 gens
866 2015 975 2092 missa,
997 2014 1102 2079 coloni

302 2100 456 2165 Versibus
478 2099 648 2181 incomptis
669 2100 786 2165 ludunt
808 2099 937 2181 risuque
959 2099 1073 2177 soluto,

216 2272 285 2322 valla
304 2272 425 2337 relinques
442 2268 571 2337 intactas!
606 2266 665 2323 368.
684 2269 815 2334 desierint,
832 2271 947 2322 inultum
959 2286 987 2322 se
999 2270 1152 2321 sustulerint
1165 2297 1198 2305 —
1216 2286 1314 2333 manas,
1333 2270 1399 2321 frou-

218 2343 269 2403 des,
287 2348 315 2391 ut
331 2339 356 2403 4,
376 2336 439 2401 1373
467 2340 596 2404 bracchia,
616 2339 724 2389 ramulos
740 2346 758 2389 b
775 2339 888 2405 pampino
906 2336 1061 2405 protensos}
1096 2335 1155 2388 371.
1174 2339 1322 2404 tesserarium,
1342 2356 1399 2389 eon-

213 2410 341 2460 tinendum
360 2414 385 2459 et
404 2403 560 2476 arcendum}
594 2405 653 2458 372.
672 2410 739 2474 inpr.
755 2408 812 2470 lab,
829 2409 917 2471 ignara
936 2413 961 2457 et
978 2407 1106 2473 impatiens
1123 2422 1207 2457 earum
1225 2422 1318 2470 rerum,
1337 2423 1400 2473 quas

165 2482 168 2488 '
218 2479 318 2528 adultae
335 2477 399 2528 vites
418 2478 526 2527 tolerare
543 2473 669 2544 possunt}
703 2472 763 2527 373.
782 2491 926 2543 supernos
946 2477 961 2527 i.
975 2492 998 2542 q.
1017 2477 1165 2543 plusquam,
1183 2476 1227 2526 sed
1247 2483 1399 2543 praetem

233 2548 272 2598 lus
291 2547 366 2597 etiam
383 2561 471 2596 nocere
488 2546 532 2596 illa
550 2546 680 2609 animalia,
705 2561 780 2610 quam
804 2545 903 2608 trigoris
921 2551 1055 2610 aestusque
1071 2546 1121 2594 vim
1139 2545 1300 2608 amram,
1326 2561 1401 2598 versu

216 2564 268 2667 {76
286 2630 338 2679 sqq.
357 2615 492 2679 aitpoeta.
510 2642 544 2650 ·-
562 2613 673 2678 indigna
690 2615 811 2676 dicuutur,
836 2614 924 2679 quibus
942 2615 998 2678 quis
1014 2629 1061 2663 non
1079 2619 1118 2664 est
1136 2613 1237 2677 dignm,
1261 2627 1327 2679 quse
1346 2615 1401 2681 quis

214 2683 336 2735 immerito
352 2683 464 2801 patitur,
484 2682 545 2732 talia
564 2688 646 2731 autem
664 2682 743 2732 videri
759 2682 839 2732 solent
850 2682 958 2748 inprimis
971 2683 1049 2743 dura3
1069 2682 1123 2731 binc
1134 2682 1248 2746 indigna
1258 2682 1276 2731 i.
1289 2698 1313 2747 q.
1327 2683 1401 2745 durs,

217 2747 317 2820 saeva}
371 2747 411 2802 74.
429 2753 484 2809 aad,
508 2767 555 2798 non
574 2747 664 2800 Gallici
686 2750 735 2811 illi,
761 2766 864 2815 quorum
882 2750 977 2800 Caesar
998 2751 1141 2801 mentionem
1166 2749 1238 2811 iacit,
1261 2751 1306 2800 sed
1332 2752 1401 2802 alind

216 2821 340 2887 quoddam
365 2819 438 2870 boum
462 2818 613 2868 silvestrium
636 2833 721 2882 genus,
748 2819 894 2869 bubalorum
919 2819 1013 2868 nomine
1036 2818 1195 2885 appellatum.
1213 2845 1248 2855 -
1264 2835 1400 2884 sequaess,

215 2895 318 2940 teneam
335 2886 427 2938 lrondis
445 2887 520 2936 valde
532 2889 697 2958 appetentes!
732 2884 792 2938 375.
810 2887 933 2949 illudant,
951 2885 1066 2949 officiunt,
1084 2893 1178 2949 noceat,
1197 2888 1314 2938 adiuncta
1328 2895 1401 2954 petu-

217 2957 309 3006 lantiae
328 2952 448 3020 notione!
481 2951 541 3005 376.
557 2957 687 3018 concreta,
705 2953 793 3018 frigori
810 2956 905 3022 poetice
922 2955 1040 3007 tribuitur
1057 2955 1091 3018 id,
1109 2955 1174 3020 quod
1191 2971 1237 3021 per
1251 2954 1336 3020 frigus
1349 2956 1401 3009 elli-

215 3025 293 3088 citur;
313 3025 358 3075 boc
376 3025 437 3076 enim
455 3021 537 3086 allicit,
556 3029 584 3073 ut
601 3038 631 3072 ex
646 3025 748 3074 bumore
759 3025 846 3089 pruina
859 3031 1009 3084 concrescat,
1026 3023 1043 3073 i.
1056 3040 1077 3074 e.
1095 3023 1244 3088 conglaciet3
1263 3030 1293 3074 ut
1312 3027 1401 3076 tram

212 3108 291 3212 tlt>
310 3092 721 3226 idt'tlttattdttr
736 3093 827 3228 iiii
845 3087 955 3224 edil
983 3089 1089 3210 iiii
1106 3088 1399 3212 tgffiggugm

144 3211 146 3219 .
242 3199 248 3210 ·
293 3199 299 3210 ·
365 3199 370 3210 ·
473 3198 478 3210 ·
623 3195 629 3220 r
667 3197 673 3208 ·
718 3199 724 3212 ·
790 3199 796 3209 ·
957 3198 963 3209 ·

216 3231 313 3280 Raccbo
331 3229 454 3279 immolari
472 3228 543 3291 solet,
562 3243 624 3293 quac
643 3244 682 3278 res
700 3230 855 3292 tragoediae,
879 3177 939 3280 turri:l
950 3229 1024 3288 etiam
1042 3177 1189 3279 asecffismo
1208 3226 1247 3293 (v.
1265 3244 1305 3278 vs.
1323 3178 1401 3297 381Ξῖ

215 3299 335 3362 originem
354 3297 429 3348 dedit.
464 3297 528 3347 Nam
548 3297 676 3360 tragoedia
693 3314 707 3349 e
726 3296 821 3348 Graeco
839 3298 909 3362 capri
929 3297 1036 3360 nomine,
1062 3291 1177 3362 τράγος,
1202 3297 1332 3362 appellata
1350 3306 1400 3351 est:

215 3368 262 3418 snb
280 3374 377 3433 tempus
393 3367 457 3416 enim
475 3366 611 3416 uindemiae
628 3367 756 3416 sollemnia
774 3365 894 3430 quaedam
906 3365 929 3415 in
942 3367 1058 3416 bonorem
1069 3366 1160 3416 Baeebi
1170 3364 1303 3429 agitabant
1314 3366 1401 3428 Attici,

214 3436 304 3501 quibus
321 3436 456 3486 intererant
474 3435 531 3485 olim
549 3441 636 3500 poetae
654 3434 803 3484 carminibus
821 3435 887 3484 inter
904 3449 931 3484 se
948 3440 1083 3491 certantem
1107 3449 1210 3499 quorum
1228 3433 1270 3499 qui
1289 3435 1401 3496 vicisset,

215 3505 237 3554 is
256 3504 358 3570 praemii
375 3503 430 3554 loeo
449 3517 549 3569 eaprurn
568 3503 712 3568 accipiebat,
730 3519 800 3568 quem
818 3503 914 3552 Baccho
931 3501 1083 3565 immolaret;
1108 3509 1183 3568 atqua
1200 3517 1232 3552 en
1251 3502 1292 3552 bis
1309 3504 1401 3557 camd·

215 3573 299 3634 uibus,
324 3573 356 3622 ab
379 3572 475 3636 exiguis
498 3571 572 3621 initiis
596 3569 720 3636 prolecta,
746 3571 876 3636 tragoedia
893 3570 989 3634 extitit,
1014 3585 1077 3635 quae
1094 3578 1119 3621 et
1136 3571 1190 3637 ipsa
1208 3570 1307 3621 Baecbo
1325 3587 1401 3624 sacra

214 3637 294 3708 erat!
329 3637 387 3692 ³81.
406 3641 458 3691 ludi
475 3640 565 3690 scenici
583 3644 693 3701 calmes,
716 3638 806 3706 quippe
829 3639 936 3704 antiquis
957 3639 1108 3704 temporibus
1127 3639 1226 3689 inventi.
1245 3665 1278 3674 -
1294 3655 1401 3706 prosae

214 3711 297 3772 aium,
316 3709 425 3760 anterior
443 3721 530 3758 scenae
548 3723 619 3774 pars,
644 3708 667 3757 in
686 3724 760 3772 quam
779 3707 910 3773 prodibant
927 3702 1047 3777 actores}
1082 3704 1142 3758 382.
1160 3709 1285 3772 ingenim,
1311 3709 1400 3774 poetis.

215 3775 358 3838 Tragoedia
375 3784 401 3827 et
417 3777 543 3827 comoedia
561 3791 615 3826 cnm
631 3777 681 3826 iam
699 3777 762 3826 artis
780 3775 883 3827 formam
902 3776 1004 3826 iuduere
1020 3776 1154 3842 mepissot,
1178 3774 1264 3825 relicto
1291 3792 1354 3828 ruse
1378 3778 1401 3828 in

214 3845 303 3895 urbem
321 3845 449 3908 migravit3
467 3851 541 3895 antea
560 3850 649 3910 poetae
666 3844 702 3894 illi
720 3844 773 3894 ruri
807 3860 868 3908 agos
887 3844 1048 3894 circumibant
1065 3851 1090 3895 et
1106 3845 1131 3894 iu
1149 3844 1261 3910 compitis
1275 3844 1401 3910 plaustra

214 3912 304 3978 quibus
322 3927 366 3978 pro
385 3927 459 3962 scena
475 3913 617 3974 utebantur,
636 3915 786 3964 statuebant.
835 3909 894 3964 383.
916 3909 1049 3976 Thesidae,
1068 3912 1153 3975 Attici,
1170 3927 1186 3962 a
1205 3911 1314 3975 Theseo,
1332 3915 1401 3966 nebi·

215 3981 309 4032 lissima
327 3996 385 4044 rege
396 3980 503 4045 Atticae,
522 3981 602 4050 dieti}
637 3977 696 4032 384.
715 3981 873 4044 significatur
891 3972 1099 4048 ἄσκωλιασμός.
1135 3980 1162 4031 In
1180 3980 1308 4048 Dionysiis
1327 3998 1400 4034 rura·

216 4049 280 4100 libus
299 4049 426 4100 saltabant
443 4065 490 4098 uno
509 4050 570 4115 pede
582 4065 625 4115 per
636 4057 713 4112 utres,
729 4040 845 4107 ἀσκούς,
865 4049 963 4099 inflatos
974 4050 1015 4098 vel
1027 4049 1084 4100 vino
1097 4050 1181 4115 plenos
1193 4056 1218 4100 et
1229 4049 1286 4098 oleo
1298 4058 1399 4109 nactast

214 4118 258 4183 qui
275 4121 351 4184 su'per
367 4123 424 4168 utre
442 4118 588 4168 consisteret
605 4133 648 4168 nee
666 4119 800 4180 laberetur,
822 4118 842 4167 is
861 4124 942 4167 utrem
959 4124 985 4166 et
1003 4118 1084 4168 vinum
1104 4117 1204 4183 praemii
1220 4117 1276 4166 loco
1295 4120 1400 4186 accipie-

216 4181 284 4253 bat'l
318 4180 369 4236 385
388 4200 441 4251 sqq.
460 4184 546 4235 Coloni
565 4184 594 4250 (i.
612 4201 633 4235 e.
653 4186 762 4236 homines
780 4185 880 4251 rustici)
899 4184 979 4236 Italici
996 4201 1104 4250 quoqne,
1122 4185 1229 4236 maxime
1246 4185 1343 4250 Latini,
1361 4188 1401 4254 qni

215 4271 244 4306 se
266 4269 282 4304 a
300 4253 416 4304 Troianis
439 4260 508 4309 ortos
532 4252 655 4316 ferebant,
680 4255 704 4302 in
728 4254 830 4304 similem
852 4254 974 4304 laetitiam
996 4254 1066 4304 effusi
1084 4255 1204 4305 Bacchum
1228 4253 1399 4308 eelebralsant

215 4323 323 4376 Videtur
341 4329 422 4373 numm
441 4322 532 4389 duplex
551 4322 683 4386 significari
701 4321 861 4385 sollemnitas,
880 4323 984 4388 primum
997 4321 1132 4388 Liberalia,
1150 4335 1214 4388 quae
1226 4324 1401 4386 resedebant,
