<?xml version="1.0" encoding="UTF-8"?>
<!DOCTYPE html PUBLIC "-//W3C//DTD XHTML 1.0 Transitional//EN"
    "http://www.w3.org/TR/xhtml1/DTD/xhtml1-transitional.dtd">
<html xmlns="http://www.w3.org/1999/xhtml" xml:lang="en" lang="en">
 <head>
  <title>
</title>
<meta http-equiv="Content-Type" content="text/html;charset=utf-8" />
  <meta name='ocr-system' content='tesseract 3.04.00' />
  <meta name='ocr-capabilities' content='ocr_page ocr_carea ocr_par ocr_line ocrx_word'/>
</head>
<body>
  <div class='ocr_page' id='page_1' title='image "./carminabreviter00virggoog_0026.png"; bbox 0 0 2942 4975; ppageno 0'>
   <div class='ocr_carea' id='block_1_1' title="bbox 1184 360 1266 400">
    <p class='ocr_par' dir='ltr' id='par_1_1' title="bbox 1184 360 1266 400">
     <span class='ocr_line' id='line_1_1' title="bbox 1184 360 1266 400; baseline 0 0"><span class='ocrx_word' id='word_1_1' title='bbox 1184 360 1266 400; x_wconf 82' lang='lat' dir='ltr'>xxm</span> 
     </span>
    </p>
   </div>
   <div class='ocr_carea' id='block_1_2' title="bbox 15 522 1342 3926">
    <p class='ocr_par' dir='ltr' id='par_1_2' title="bbox 15 522 1342 3926">
     <span class='ocr_line' id='line_1_2' title="bbox 88 522 1264 600; baseline -0.003 -13"><span class='ocrx_word' id='word_1_2' title='bbox 88 528 253 587; x_wconf 76' lang='lat' dir='ltr'>exstiterant</span> <span class='ocrx_word' id='word_1_3' title='bbox 275 526 444 598; x_wconf 88' lang='lat' dir='ltr'>scriptores,</span> <span class='ocrx_word' id='word_1_4' title='bbox 469 524 531 597; x_wconf 93' lang='lat' dir='ltr'>qui,</span> <span class='ocrx_word' id='word_1_5' title='bbox 555 524 651 597; x_wconf 90' lang='lat' dir='ltr'>qualia</span> <span class='ocrx_word' id='word_1_6' title='bbox 672 522 803 598; x_wconf 80' lang='lat' dir='ltr'>fuissent,</span> <span class='ocrx_word' id='word_1_7' title='bbox 831 526 995 598; x_wconf 75' lang='lat' dir='ltr'><strong>posteritati</strong></span> <span class='ocrx_word' id='word_1_8' title='bbox 1015 527 1185 600; x_wconf 91' lang='lat' dir='ltr'>proderent;</span> <span class='ocrx_word' id='word_1_9' title='bbox 1213 532 1264 585; x_wconf 87' lang='lat' dir='ltr'>aut</span> 
     </span>
     <span class='ocr_line' id='line_1_3' title="bbox 91 610 1264 685; baseline -0.001 -13"><span class='ocrx_word' id='word_1_10' title='bbox 91 615 114 672; x_wconf 89' lang='lat' dir='ltr'>si</span> <span class='ocrx_word' id='word_1_11' title='bbox 135 613 256 685; x_wconf 89' lang='lat' dir='ltr'>quidex</span> <span class='ocrx_word' id='word_1_12' title='bbox 278 627 313 670; x_wconf 91' lang='lat' dir='ltr'>eo</span> <span class='ocrx_word' id='word_1_13' title='bbox 336 626 439 684; x_wconf 80' lang='lat' dir='ltr'>genere</span> <span class='ocrx_word' id='word_1_14' title='bbox 466 610 504 668; x_wconf 91' lang='lat' dir='ltr'>ad</span> <span class='ocrx_word' id='word_1_15' title='bbox 531 624 594 667; x_wconf 86' lang='lat' dir='ltr'>eam</span> <span class='ocrx_word' id='word_1_16' title='bbox 620 616 813 683; x_wconf 84' lang='lat' dir='ltr'>propagatum</span> <span class='ocrx_word' id='word_1_17' title='bbox 840 615 926 682; x_wconf 87' lang='lat' dir='ltr'>esset,</span> <span class='ocrx_word' id='word_1_18' title='bbox 953 616 1069 684; x_wconf 88' lang='lat' dir='ltr'>poterat</span> <span class='ocrx_word' id='word_1_19' title='bbox 1094 613 1125 670; x_wconf 93' lang='lat' dir='ltr'>id</span> <span class='ocrx_word' id='word_1_20' title='bbox 1151 617 1264 671; x_wconf 90' lang='lat' dir='ltr'>tantum</span> 
     </span>
     <span class='ocr_line' id='line_1_4' title="bbox 91 694 1264 771; baseline -0.002 -14"><span class='ocrx_word' id='word_1_21' title='bbox 91 700 168 757; x_wconf 86' lang='lat' dir='ltr'>Italis</span> <span class='ocrx_word' id='word_1_22' title='bbox 193 696 354 755; x_wconf 90' lang='lat' dir='ltr'>bominibus</span> <span class='ocrx_word' id='word_1_23' title='bbox 383 695 485 767; x_wconf 86' lang='lat' dir='ltr'>tribui,</span> <span class='ocrx_word' id='word_1_24' title='bbox 515 712 573 752; x_wconf 92' lang='lat' dir='ltr'>non</span> <span class='ocrx_word' id='word_1_25' title='bbox 599 694 716 753; x_wconf 86' lang='lat' dir='ltr'>Aeneae</span> <span class='ocrx_word' id='word_1_26' title='bbox 744 696 882 769; x_wconf 85' lang='lat' dir='ltr'>huiusque</span> <span class='ocrx_word' id='word_1_27' title='bbox 910 697 1003 754; x_wconf 83' lang='lat' dir='ltr'>sociis</span> <span class='ocrx_word' id='word_1_28' title='bbox 1055 698 1156 770; x_wconf 89' lang='lat' dir='ltr'>Itaque</span> <span class='ocrx_word' id='word_1_29' title='bbox 1183 698 1264 771; x_wconf 83' lang='lat' dir='ltr'>baec,</span> 
     </span>
     <span class='ocr_line' id='line_1_5' title="bbox 90 780 1263 857; baseline 0.001 -17"><span class='ocrx_word' id='word_1_30' title='bbox 90 800 160 857; x_wconf 90' lang='lat' dir='ltr'>qnae</span> <span class='ocrx_word' id='word_1_31' title='bbox 179 783 304 856; x_wconf 89' lang='lat' dir='ltr'>plurima</span> <span class='ocrx_word' id='word_1_32' title='bbox 326 785 391 839; x_wconf 88' lang='lat' dir='ltr'>sunt</span> <span class='ocrx_word' id='word_1_33' title='bbox 413 785 497 853; x_wconf 89' lang='lat' dir='ltr'>atque</span> <span class='ocrx_word' id='word_1_34' title='bbox 519 780 651 852; x_wconf 89' lang='lat' dir='ltr'>maxima,</span> <span class='ocrx_word' id='word_1_35' title='bbox 674 786 703 839; x_wconf 89' lang='lat' dir='ltr'>et</span> <span class='ocrx_word' id='word_1_36' title='bbox 726 781 866 854; x_wconf 88' lang='lat' dir='ltr'>quaedam</span> <span class='ocrx_word' id='word_1_37' title='bbox 888 781 946 840; x_wconf 83' lang='lat' dir='ltr'>alia</span> <span class='ocrx_word' id='word_1_38' title='bbox 968 781 1112 855; x_wconf 83' lang='lat' dir='ltr'>pertinent</span> <span class='ocrx_word' id='word_1_39' title='bbox 1130 782 1168 841; x_wconf 87' lang='lat' dir='ltr'>ad</span> <span class='ocrx_word' id='word_1_40' title='bbox 1190 799 1263 855; x_wconf 88' lang='lat' dir='ltr'>eam,</span> 
     </span>
     <span class='ocr_line' id='line_1_6' title="bbox 88 866 1264 942; baseline -0.001 -15"><span class='ocrx_word' id='word_1_41' title='bbox 88 886 169 942; x_wconf 89' lang='lat' dir='ltr'>quam</span> <span class='ocrx_word' id='word_1_42' title='bbox 184 868 307 926; x_wconf 80' lang='lat' dir='ltr'><strong>diximus</strong></span> <span class='ocrx_word' id='word_1_43' title='bbox 321 867 520 937; x_wconf 86' lang='lat' dir='ltr'>necessariam,</span> <span class='ocrx_word' id='word_1_44' title='bbox 543 866 741 924; x_wconf 89' lang='lat' dir='ltr'>imitationem.</span> <span class='ocrx_word' id='word_1_45' title='bbox 778 866 846 924; x_wconf 84' lang='lat' dir='ltr'>Alia</span> <span class='ocrx_word' id='word_1_46' title='bbox 866 867 961 939; x_wconf 88' lang='lat' dir='ltr'>posita</span> <span class='ocrx_word' id='word_1_47' title='bbox 982 868 1028 925; x_wconf 81' lang='lat' dir='ltr'>vel</span> <span class='ocrx_word' id='word_1_48' title='bbox 1046 872 1111 925; x_wconf 90' lang='lat' dir='ltr'>sunt</span> <span class='ocrx_word' id='word_1_49' title='bbox 1125 868 1171 926; x_wconf 88' lang='lat' dir='ltr'>vel</span> <span class='ocrx_word' id='word_1_50' title='bbox 1185 873 1264 926; x_wconf 89' lang='lat' dir='ltr'>certe</span> 
     </span>
     <span class='ocr_line' id='line_1_7' title="bbox 87 950 1263 1025; baseline -0.002 -13"><span class='ocrx_word' id='word_1_51' title='bbox 87 954 175 1012; x_wconf 86' lang='lat' dir='ltr'>rideri</span> <span class='ocrx_word' id='word_1_52' title='bbox 203 956 324 1025; x_wconf 88' lang='lat' dir='ltr'>possunt</span> <span class='ocrx_word' id='word_1_53' title='bbox 341 952 387 1009; x_wconf 87' lang='lat' dir='ltr'>in</span> <span class='ocrx_word' id='word_1_54' title='bbox 415 952 585 1010; x_wconf 87' lang='lat' dir='ltr'>voluntaria.</span> <span class='ocrx_word' id='word_1_55' title='bbox 637 951 700 1009; x_wconf 90' lang='lat' dir='ltr'>Huc</span> <span class='ocrx_word' id='word_1_56' title='bbox 723 950 854 1010; x_wconf 79' lang='lat' dir='ltr'>fortasse</span> <span class='ocrx_word' id='word_1_57' title='bbox 881 952 964 1009; x_wconf 89' lang='lat' dir='ltr'>multi</span> <span class='ocrx_word' id='word_1_58' title='bbox 992 950 1118 1011; x_wconf 87' lang='lat' dir='ltr'>referent</span> <span class='ocrx_word' id='word_1_59' title='bbox 1147 952 1263 1011; x_wconf 88' lang='lat' dir='ltr'>crebras</span> 
     </span>
     <span class='ocr_line' id='line_1_8' title="bbox 87 1036 1264 1110; baseline -0.002 -12"><span class='ocrx_word' id='word_1_60' title='bbox 87 1041 201 1098; x_wconf 89' lang='lat' dir='ltr'>deorum</span> <span class='ocrx_word' id='word_1_61' title='bbox 222 1038 455 1105; x_wconf 63' lang='lat' dir='ltr'>intercessionem</span> <span class='ocrx_word' id='word_1_62' title='bbox 478 1036 529 1094; x_wconf 89' lang='lat' dir='ltr'>sed</span> <span class='ocrx_word' id='word_1_63' title='bbox 551 1054 722 1110; x_wconf 89' lang='lat' dir='ltr'>quamquam</span> <span class='ocrx_word' id='word_1_64' title='bbox 744 1037 897 1109; x_wconf 78' lang='lat' dir='ltr'>Virgilium</span> <span class='ocrx_word' id='word_1_65' title='bbox 911 1054 954 1095; x_wconf 86' lang='lat' dir='ltr'>ea</span> <span class='ocrx_word' id='word_1_66' title='bbox 974 1052 1007 1095; x_wconf 88' lang='lat' dir='ltr'>re</span> <span class='ocrx_word' id='word_1_67' title='bbox 1028 1039 1120 1095; x_wconf 91' lang='lat' dir='ltr'>minus</span> <span class='ocrx_word' id='word_1_68' title='bbox 1141 1036 1264 1097; x_wconf 77' lang='lat' dir='ltr'>feliciter</span> 
     </span>
     <span class='ocr_line' id='line_1_9' title="bbox 92 1120 1263 1202; baseline -0.002 -20"><span class='ocrx_word' id='word_1_69' title='bbox 92 1126 300 1202; x_wconf 85' lang='lat' dir='ltr'>(praeterquam</span> <span class='ocrx_word' id='word_1_70' title='bbox 327 1123 346 1180; x_wconf 94' lang='lat' dir='ltr'>l.</span> <span class='ocrx_word' id='word_1_71' title='bbox 375 1120 455 1197; x_wconf 84' lang='lat' dir='ltr'><strong>XII.)</strong></span> <span class='ocrx_word' id='word_1_72' title='bbox 484 1138 564 1180; x_wconf 90' lang='lat' dir='ltr'>usum</span> <span class='ocrx_word' id='word_1_73' title='bbox 593 1138 654 1181; x_wconf 89' lang='lat' dir='ltr'>esse</span> <span class='ocrx_word' id='word_1_74' title='bbox 682 1122 821 1194; x_wconf 87' lang='lat' dir='ltr'>concedo,</span> <span class='ocrx_word' id='word_1_75' title='bbox 852 1139 937 1195; x_wconf 89' lang='lat' dir='ltr'>quam</span> <span class='ocrx_word' id='word_1_76' title='bbox 958 1122 1129 1197; x_wconf 85' lang='lat' dir='ltr'>Homerum,</span> <span class='ocrx_word' id='word_1_77' title='bbox 1158 1128 1263 1195; x_wconf 69' lang='lat' dir='ltr'>minen,</span> 
     </span>
     <span class='ocr_line' id='line_1_10' title="bbox 92 1207 1263 1281; baseline -0.003 -13"><span class='ocrx_word' id='word_1_78' title='bbox 92 1228 148 1269; x_wconf 89' lang='lat' dir='ltr'>cum</span> <span class='ocrx_word' id='word_1_79' title='bbox 175 1226 209 1267; x_wconf 89' lang='lat' dir='ltr'>ea</span> <span class='ocrx_word' id='word_1_80' title='bbox 236 1212 344 1279; x_wconf 89' lang='lat' dir='ltr'>aetate,</span> <span class='ocrx_word' id='word_1_81' title='bbox 374 1222 429 1279; x_wconf 90' lang='lat' dir='ltr'>qua</span> <span class='ocrx_word' id='word_1_82' title='bbox 455 1208 523 1265; x_wconf 89' lang='lat' dir='ltr'>illae</span> <span class='ocrx_word' id='word_1_83' title='bbox 549 1225 594 1266; x_wconf 87' lang='lat' dir='ltr'>res</span> <span class='ocrx_word' id='word_1_84' title='bbox 621 1213 703 1267; x_wconf 89' lang='lat' dir='ltr'>actae</span> <span class='ocrx_word' id='word_1_85' title='bbox 729 1212 807 1279; x_wconf 90' lang='lat' dir='ltr'>sunt,</span> <span class='ocrx_word' id='word_1_86' title='bbox 837 1207 905 1266; x_wconf 88' lang='lat' dir='ltr'>deos</span> <span class='ocrx_word' id='word_1_87' title='bbox 931 1224 1018 1281; x_wconf 81' lang='lat' dir='ltr'>saepe</span> <span class='ocrx_word' id='word_1_88' title='bbox 1044 1224 1124 1266; x_wconf 87' lang='lat' dir='ltr'>suam</span> <span class='ocrx_word' id='word_1_89' title='bbox 1146 1223 1263 1281; x_wconf 80' lang='lat' dir='ltr'>operam</span> 
     </span>
     <span class='ocr_line' id='line_1_11' title="bbox 87 1293 1263 1367; baseline -0.002 -14"><span class='ocrx_word' id='word_1_90' title='bbox 87 1295 214 1353; x_wconf 87' lang='lat' dir='ltr'>humanis</span> <span class='ocrx_word' id='word_1_91' title='bbox 235 1294 322 1351; x_wconf 90' lang='lat' dir='ltr'>rebus</span> <span class='ocrx_word' id='word_1_92' title='bbox 344 1297 509 1365; x_wconf 86' lang='lat' dir='ltr'>praesentes</span> <span class='ocrx_word' id='word_1_93' title='bbox 529 1294 712 1366; x_wconf 88' lang='lat' dir='ltr'>interponere</span> <span class='ocrx_word' id='word_1_94' title='bbox 732 1293 818 1365; x_wconf 90' lang='lat' dir='ltr'>vulgo</span> <span class='ocrx_word' id='word_1_95' title='bbox 840 1293 989 1351; x_wconf 88' lang='lat' dir='ltr'>crederent</span> <span class='ocrx_word' id='word_1_96' title='bbox 1010 1294 1154 1367; x_wconf 88' lang='lat' dir='ltr'>ipsiusque</span> <span class='ocrx_word' id='word_1_97' title='bbox 1177 1294 1263 1352; x_wconf 91' lang='lat' dir='ltr'>etiam</span> 
     </span>
     <span class='ocr_line' id='line_1_12' title="bbox 89 1378 1264 1452; baseline 0 -15"><span class='ocrx_word' id='word_1_98' title='bbox 89 1381 198 1437; x_wconf 86' lang='lat' dir='ltr'>Aeneae</span> <span class='ocrx_word' id='word_1_99' title='bbox 222 1382 316 1437; x_wconf 90' lang='lat' dir='ltr'>mater</span> <span class='ocrx_word' id='word_1_100' title='bbox 339 1378 393 1435; x_wconf 87' lang='lat' dir='ltr'>dea</span> <span class='ocrx_word' id='word_1_101' title='bbox 414 1384 495 1450; x_wconf 88' lang='lat' dir='ltr'>esset,</span> <span class='ocrx_word' id='word_1_102' title='bbox 517 1394 575 1437; x_wconf 92' lang='lat' dir='ltr'>non</span> <span class='ocrx_word' id='word_1_103' title='bbox 589 1379 701 1437; x_wconf 83' lang='lat' dir='ltr'>videtur</span> <span class='ocrx_word' id='word_1_104' title='bbox 715 1378 876 1446; x_wconf 77' lang='lat' dir='ltr'>interventu</span> <span class='ocrx_word' id='word_1_105' title='bbox 890 1378 1009 1437; x_wconf 90' lang='lat' dir='ltr'>deorum</span> <span class='ocrx_word' id='word_1_106' title='bbox 1024 1395 1122 1437; x_wconf 89' lang='lat' dir='ltr'>carere</span> <span class='ocrx_word' id='word_1_107' title='bbox 1136 1380 1264 1452; x_wconf 90' lang='lat' dir='ltr'>potuisse</span> 
     </span>
     <span class='ocr_line' id='line_1_13' title="bbox 89 1462 1264 1538; baseline -0.003 -15"><span class='ocrx_word' id='word_1_108' title='bbox 89 1482 187 1538; x_wconf 90' lang='lat' dir='ltr'>poema</span> <span class='ocrx_word' id='word_1_109' title='bbox 208 1464 334 1537; x_wconf 87' lang='lat' dir='ltr'>Virgilii.</span> <span class='ocrx_word' id='word_1_110' title='bbox 377 1464 532 1523; x_wconf 87' lang='lat' dir='ltr'>Praetereo</span> <span class='ocrx_word' id='word_1_111' title='bbox 561 1465 627 1522; x_wconf 89' lang='lat' dir='ltr'>alia.</span> <span class='ocrx_word' id='word_1_112' title='bbox 672 1462 840 1536; x_wconf 83' lang='lat' dir='ltr'>Catalogum</span> <span class='ocrx_word' id='word_1_113' title='bbox 868 1480 980 1537; x_wconf 91' lang='lat' dir='ltr'>quoque</span> <span class='ocrx_word' id='word_1_114' title='bbox 1006 1465 1152 1536; x_wconf 88' lang='lat' dir='ltr'>copiarum</span> <span class='ocrx_word' id='word_1_115' title='bbox 1174 1464 1264 1522; x_wconf 90' lang='lat' dir='ltr'>Turni</span> 
     </span>
     <span class='ocr_line' id='line_1_14' title="bbox 91 1546 1264 1628; baseline 0.001 -21"><span class='ocrx_word' id='word_1_116' title='bbox 91 1552 118 1625; x_wconf 77' lang='lat' dir='ltr'>(l.</span> <span class='ocrx_word' id='word_1_117' title='bbox 143 1551 202 1608; x_wconf 88' lang='lat' dir='ltr'>VH.</span> <span class='ocrx_word' id='word_1_118' title='bbox 228 1546 314 1623; x_wconf 87' lang='lat' dir='ltr'>extr.)</span> <span class='ocrx_word' id='word_1_119' title='bbox 338 1564 374 1607; x_wconf 83' lang='lat' dir='ltr'>ex</span> <span class='ocrx_word' id='word_1_120' title='bbox 395 1564 429 1606; x_wconf 93' lang='lat' dir='ltr'>eo</span> <span class='ocrx_word' id='word_1_121' title='bbox 452 1564 556 1621; x_wconf 88' lang='lat' dir='ltr'>genere</span> <span class='ocrx_word' id='word_1_122' title='bbox 578 1564 639 1607; x_wconf 88' lang='lat' dir='ltr'>esse</span> <span class='ocrx_word' id='word_1_123' title='bbox 661 1547 784 1628; x_wconf 79' lang='lat' dir='ltr'>fortasse</span> <span class='ocrx_word' id='word_1_124' title='bbox 806 1553 889 1605; x_wconf 90' lang='lat' dir='ltr'>erunt</span> <span class='ocrx_word' id='word_1_125' title='bbox 911 1551 959 1622; x_wconf 93' lang='lat' dir='ltr'>qui</span> <span class='ocrx_word' id='word_1_126' title='bbox 981 1550 1145 1622; x_wconf 91' lang='lat' dir='ltr'>opinentur;</span> <span class='ocrx_word' id='word_1_127' title='bbox 1176 1555 1207 1607; x_wconf 88' lang='lat' dir='ltr'>at</span> <span class='ocrx_word' id='word_1_128' title='bbox 1229 1566 1264 1608; x_wconf 88' lang='lat' dir='ltr'>ea</span> 
     </span>
     <span class='ocr_line' id='line_1_15' title="bbox 88 1632 1264 1707; baseline -0.001 -14"><span class='ocrx_word' id='word_1_129' title='bbox 88 1636 262 1694; x_wconf 87' lang='lat' dir='ltr'>enumeratio</span> <span class='ocrx_word' id='word_1_130' title='bbox 284 1634 338 1691; x_wconf 91' lang='lat' dir='ltr'>etsi</span> <span class='ocrx_word' id='word_1_131' title='bbox 361 1634 505 1691; x_wconf 88' lang='lat' dir='ltr'>simillima</span> <span class='ocrx_word' id='word_1_132' title='bbox 527 1638 570 1691; x_wconf 90' lang='lat' dir='ltr'>est</span> <span class='ocrx_word' id='word_1_133' title='bbox 591 1635 676 1692; x_wconf 89' lang='lat' dir='ltr'>alteri</span> <span class='ocrx_word' id='word_1_134' title='bbox 697 1635 784 1705; x_wconf 75' lang='lat' dir='ltr'>parti,</span> <span class='ocrx_word' id='word_1_135' title='bbox 797 1632 864 1691; x_wconf 91' lang='lat' dir='ltr'>libri</span> <span class='ocrx_word' id='word_1_136' title='bbox 883 1634 919 1691; x_wconf 93' lang='lat' dir='ltr'>Il.</span> <span class='ocrx_word' id='word_1_137' title='bbox 942 1634 1050 1706; x_wconf 84' lang='lat' dir='ltr'>Iliadis,</span> <span class='ocrx_word' id='word_1_138' title='bbox 1073 1639 1177 1707; x_wconf 91' lang='lat' dir='ltr'>tamen,</span> <span class='ocrx_word' id='word_1_139' title='bbox 1200 1650 1264 1692; x_wconf 89' lang='lat' dir='ltr'>cum</span> 
     </span>
     <span class='ocr_line' id='line_1_16' title="bbox 92 1719 1274 1794; baseline 0 -17"><span class='ocrx_word' id='word_1_140' title='bbox 92 1721 222 1794; x_wconf 82' lang='lat' dir='ltr'>Virgilius</span> <span class='ocrx_word' id='word_1_141' title='bbox 244 1719 405 1791; x_wconf 89' lang='lat' dir='ltr'>primordia</span> <span class='ocrx_word' id='word_1_142' title='bbox 426 1720 469 1776; x_wconf 91' lang='lat' dir='ltr'>rei</span> <span class='ocrx_word' id='word_1_143' title='bbox 490 1719 650 1793; x_wconf 78' lang='lat' dir='ltr'>Romanae,</span> <span class='ocrx_word' id='word_1_144' title='bbox 682 1734 754 1791; x_wconf 89' lang='lat' dir='ltr'>quae</span> <span class='ocrx_word' id='word_1_145' title='bbox 780 1719 902 1776; x_wconf 88' lang='lat' dir='ltr'>maxime</span> <span class='ocrx_word' id='word_1_146' title='bbox 923 1721 1075 1778; x_wconf 87' lang='lat' dir='ltr'>coniuncta</span> <span class='ocrx_word' id='word_1_147' title='bbox 1096 1726 1179 1778; x_wconf 87' lang='lat' dir='ltr'>erant</span> <span class='ocrx_word' id='word_1_148' title='bbox 1201 1736 1274 1778; x_wconf 90' lang='lat' dir='ltr'>cum.</span> 
     </span>
     <span class='ocr_line' id='line_1_17' title="bbox 15 1794 1265 1878; baseline -0.001 -14"><span class='ocrx_word' id='word_1_149' title='bbox 15 1794 16 1807; x_wconf 47' lang='lat'>¹</span> <span class='ocrx_word' id='word_1_150' title='bbox 91 1808 177 1877; x_wconf 88' lang='lat' dir='ltr'>prisco</span> <span class='ocrx_word' id='word_1_151' title='bbox 200 1810 281 1863; x_wconf 89' lang='lat' dir='ltr'>statu</span> <span class='ocrx_word' id='word_1_152' title='bbox 301 1803 394 1876; x_wconf 85' lang='lat' dir='ltr'>Latii,</span> <span class='ocrx_word' id='word_1_153' title='bbox 421 1803 475 1862; x_wconf 94' lang='lat' dir='ltr'>hoc</span> <span class='ocrx_word' id='word_1_154' title='bbox 498 1805 622 1863; x_wconf 87' lang='lat' dir='ltr'>carmine</span> <span class='ocrx_word' id='word_1_155' title='bbox 645 1804 788 1877; x_wconf 88' lang='lat' dir='ltr'>explicare</span> <span class='ocrx_word' id='word_1_156' title='bbox 810 1806 968 1878; x_wconf 88' lang='lat' dir='ltr'>statuisset,</span> <span class='ocrx_word' id='word_1_157' title='bbox 989 1821 1082 1878; x_wconf 91' lang='lat' dir='ltr'>prope</span> <span class='ocrx_word' id='word_1_158' title='bbox 1102 1806 1265 1864; x_wconf 85' lang='lat' dir='ltr'>necessaria</span> 
     </span>
     <span class='ocr_line' id='line_1_18' title="bbox 15 1888 1265 1962; baseline 0.001 -15"><span class='ocrx_word' id='word_1_159' title='bbox 15 1898 16 1905; x_wconf 76' lang='grc'>’</span> <span class='ocrx_word' id='word_1_160' title='bbox 90 1891 173 1949; x_wconf 82' lang='lat' dir='ltr'>rideri</span> <span class='ocrx_word' id='word_1_161' title='bbox 203 1890 300 1949; x_wconf 89' lang='lat' dir='ltr'>debet.</span> <span class='ocrx_word' id='word_1_162' title='bbox 351 1889 521 1948; x_wconf 86' lang='lat' dir='ltr'>Voluntaria</span> <span class='ocrx_word' id='word_1_163' title='bbox 550 1890 709 1947; x_wconf 84' lang='lat' dir='ltr'>imitatione</span> <span class='ocrx_word' id='word_1_164' title='bbox 736 1888 865 1947; x_wconf 89' lang='lat' dir='ltr'>includes</span> <span class='ocrx_word' id='word_1_165' title='bbox 894 1906 957 1947; x_wconf 90' lang='lat' dir='ltr'>cum</span> <span class='ocrx_word' id='word_1_166' title='bbox 988 1892 1047 1948; x_wconf 85' lang='lat' dir='ltr'>alia</span> <span class='ocrx_word' id='word_1_167' title='bbox 1073 1891 1174 1962; x_wconf 87' lang='lat' dir='ltr'>multa,</span> <span class='ocrx_word' id='word_1_168' title='bbox 1204 1895 1265 1948; x_wconf 92' lang='lat' dir='ltr'>tum</span> 
     </span>
     <span class='ocr_line' id='line_1_19' title="bbox 92 1973 1264 2049; baseline 0 -16"><span class='ocrx_word' id='word_1_169' title='bbox 92 1993 210 2035; x_wconf 85' lang='lat' dir='ltr'>amorem</span> <span class='ocrx_word' id='word_1_170' title='bbox 230 1974 352 2033; x_wconf 88' lang='lat' dir='ltr'>Didonis</span> <span class='ocrx_word' id='word_1_171' title='bbox 375 1974 393 2031; x_wconf 90' lang='lat'>1.</span> <span class='ocrx_word' id='word_1_172' title='bbox 416 1976 477 2047; x_wconf 73' lang='lat' dir='ltr'>IV,</span> <span class='ocrx_word' id='word_1_173' title='bbox 501 1991 582 2047; x_wconf 87' lang='lat' dir='ltr'>quern</span> <span class='ocrx_word' id='word_1_174' title='bbox 606 1973 734 2033; x_wconf 90' lang='lat' dir='ltr'>conferes</span> <span class='ocrx_word' id='word_1_175' title='bbox 757 1991 820 2032; x_wconf 91' lang='lat' dir='ltr'>cum</span> <span class='ocrx_word' id='word_1_176' title='bbox 843 1991 941 2034; x_wconf 91' lang='lat' dir='ltr'>amore</span> <span class='ocrx_word' id='word_1_177' title='bbox 956 1976 1093 2049; x_wconf 79' lang='lat' dir='ltr'>Calypsus</span> <span class='ocrx_word' id='word_1_178' title='bbox 1113 1980 1141 2033; x_wconf 93' lang='lat' dir='ltr'>et</span> <span class='ocrx_word' id='word_1_179' title='bbox 1156 1975 1264 2045; x_wconf 76' lang='lat' dir='ltr'>Circes3</span> 
     </span>
     <span class='ocr_line' id='line_1_20' title="bbox 15 2058 1265 2135; baseline 0 -18"><span class='ocrx_word' id='word_1_180' title='bbox 15 2082 16 2135; x_wconf 72' lang='lat' dir='ltr'>j</span> <span class='ocrx_word' id='word_1_181' title='bbox 88 2062 166 2121; x_wconf 89' lang='lat' dir='ltr'>ludos</span> <span class='ocrx_word' id='word_1_182' title='bbox 187 2063 207 2120; x_wconf 92' lang='lat' dir='ltr'>l.</span> <span class='ocrx_word' id='word_1_183' title='bbox 233 2062 268 2119; x_wconf 88' lang='lat' dir='ltr'>V.</span> <span class='ocrx_word' id='word_1_184' title='bbox 292 2059 398 2128; x_wconf 81' lang='lat' dir='ltr'>factos3</span> <span class='ocrx_word' id='word_1_185' title='bbox 422 2060 586 2118; x_wconf 86' lang='lat' dir='ltr'>descensum</span> <span class='ocrx_word' id='word_1_186' title='bbox 607 2060 646 2118; x_wconf 69' lang='lat' dir='ltr'>&#39;ad</span> <span class='ocrx_word' id='word_1_187' title='bbox 668 2058 775 2117; x_wconf 86' lang='lat' dir='ltr'>inferos</span> <span class='ocrx_word' id='word_1_188' title='bbox 798 2061 816 2117; x_wconf 94' lang='lat' dir='ltr'>l.</span> <span class='ocrx_word' id='word_1_189' title='bbox 839 2060 903 2129; x_wconf 90' lang='lat' dir='ltr'>VI.;</span> <span class='ocrx_word' id='word_1_190' title='bbox 926 2061 1042 2119; x_wconf 87' lang='lat' dir='ltr'>Aeneae</span> <span class='ocrx_word' id='word_1_191' title='bbox 1058 2058 1265 2133; x_wconf 88' lang='lat' dir='ltr'>profectionem</span> 
     </span>
     <span class='ocr_line' id='line_1_21' title="bbox 15 2144 1267 2217; baseline 0 -14"><span class='ocrx_word' id='word_1_192' title='bbox 15 2162 16 2203; x_wconf 67' lang='lat' dir='ltr'>r</span> <span class='ocrx_word' id='word_1_193' title='bbox 92 2148 125 2205; x_wconf 90' lang='lat' dir='ltr'>ad</span> <span class='ocrx_word' id='word_1_194' title='bbox 144 2146 313 2205; x_wconf 83' lang='lat' dir='ltr'>Euandrum</span> <span class='ocrx_word' id='word_1_195' title='bbox 337 2146 354 2201; x_wconf 93' lang='lat' dir='ltr'>l.</span> <span class='ocrx_word' id='word_1_196' title='bbox 378 2146 470 2217; x_wconf 91' lang='lat' dir='ltr'>VIII.,</span> <span class='ocrx_word' id='word_1_197' title='bbox 498 2162 555 2217; x_wconf 89' lang='lat' dir='ltr'>qua</span> <span class='ocrx_word' id='word_1_198' title='bbox 582 2144 713 2204; x_wconf 81' lang='lat' dir='ltr'>effectum</span> <span class='ocrx_word' id='word_1_199' title='bbox 739 2151 795 2217; x_wconf 89' lang='lat' dir='ltr'>est,</span> <span class='ocrx_word' id='word_1_200' title='bbox 823 2151 856 2202; x_wconf 93' lang='lat' dir='ltr'>ut</span> <span class='ocrx_word' id='word_1_201' title='bbox 877 2146 1065 2205; x_wconf 88' lang='lat' dir='ltr'>Troianorum</span> <span class='ocrx_word' id='word_1_202' title='bbox 1093 2145 1209 2205; x_wconf 86' lang='lat' dir='ltr'>fortuna</span> <span class='ocrx_word' id='word_1_203' title='bbox 1235 2147 1267 2203; x_wconf 91' lang='lat' dir='ltr'>in</span> 
     </span>
     <span class='ocr_line' id='line_1_22' title="bbox 15 2214 1265 2305; baseline 0 -16"><span class='ocrx_word' id='word_1_204' title='bbox 15 2214 16 2289; x_wconf 64' lang='grc' dir='ltr'>Ϊ</span> <span class='ocrx_word' id='word_1_205' title='bbox 90 2232 239 2291; x_wconf 75' lang='lat' dir='ltr'>dbcnmen</span> <span class='ocrx_word' id='word_1_206' title='bbox 254 2230 451 2302; x_wconf 83' lang='lat' dir='ltr'>adduceretur,</span> <span class='ocrx_word' id='word_1_207' title='bbox 476 2230 713 2303; x_wconf 80' lang='lat' dir='ltr'>quemadmodum</span> <span class='ocrx_word' id='word_1_208' title='bbox 727 2232 772 2288; x_wconf 92' lang='lat' dir='ltr'>ira</span> <span class='ocrx_word' id='word_1_209' title='bbox 786 2230 928 2289; x_wconf 83' lang='lat' dir='ltr'>Achillem</span> <span class='ocrx_word' id='word_1_210' title='bbox 950 2248 1049 2289; x_wconf 89' lang='lat' dir='ltr'>arcens</span> <span class='ocrx_word' id='word_1_211' title='bbox 1072 2249 1090 2288; x_wconf 89' lang='lat' dir='ltr'>a</span> <span class='ocrx_word' id='word_1_212' title='bbox 1111 2231 1265 2305; x_wconf 91' lang='lat' dir='ltr'>pugnando</span> 
     </span>
     <span class='ocr_line' id='line_1_23' title="bbox 15 2314 1342 2395; baseline 0.001 -22"><span class='ocrx_word' id='word_1_213' title='bbox 15 2370 17 2395; x_wconf 35' lang='lat' dir='ltr'>f</span> <span class='ocrx_word' id='word_1_214' title='bbox 95 2318 208 2375; x_wconf 88' lang='lat' dir='ltr'>exitialis</span> <span class='ocrx_word' id='word_1_215' title='bbox 241 2316 394 2374; x_wconf 83' lang='lat' dir='ltr'>videbatur</span> <span class='ocrx_word' id='word_1_216' title='bbox 423 2314 540 2375; x_wconf 81' lang='lat' dir='ltr'>Graecis</span> <span class='ocrx_word' id='word_1_217' title='bbox 570 2315 677 2386; x_wconf 82' lang='lat' dir='ltr'>firtura3</span> <span class='ocrx_word' id='word_1_218' title='bbox 707 2321 767 2373; x_wconf 88' lang='lat' dir='ltr'>tum</span> <span class='ocrx_word' id='word_1_219' title='bbox 797 2332 878 2373; x_wconf 87' lang='lat' dir='ltr'>arma</span> <span class='ocrx_word' id='word_1_220' title='bbox 904 2316 1019 2374; x_wconf 86' lang='lat' dir='ltr'>Aeneae</span> <span class='ocrx_word' id='word_1_221' title='bbox 1048 2320 1134 2388; x_wconf 88' lang='lat' dir='ltr'>atque</span> <span class='ocrx_word' id='word_1_222' title='bbox 1163 2318 1193 2373; x_wconf 92' lang='lat' dir='ltr'>in</span> <span class='ocrx_word' id='word_1_223' title='bbox 1220 2316 1265 2374; x_wconf 91' lang='lat' dir='ltr'>bis</span> <span class='ocrx_word' id='word_1_224' title='bbox 1337 2334 1342 2339; x_wconf 88' lang='lat'><em>·</em></span> 
     </span>
     <span class='ocr_line' id='line_1_24' title="bbox 15 2400 1266 2474; baseline -0.001 -15"><span class='ocrx_word' id='word_1_225' title='bbox 15 2416 16 2421; x_wconf 51' lang='lat'>¹</span> <span class='ocrx_word' id='word_1_226' title='bbox 95 2403 207 2461; x_wconf 85' lang='lat' dir='ltr'>maxime</span> <span class='ocrx_word' id='word_1_227' title='bbox 232 2402 355 2474; x_wconf 89' lang='lat' dir='ltr'>clipeum</span> <span class='ocrx_word' id='word_1_228' title='bbox 379 2400 512 2473; x_wconf 89' lang='lat' dir='ltr'>operibus</span> <span class='ocrx_word' id='word_1_229' title='bbox 535 2401 702 2474; x_wconf 89' lang='lat' dir='ltr'>quibusdam</span> <span class='ocrx_word' id='word_1_230' title='bbox 721 2401 862 2473; x_wconf 79' lang='lat' dir='ltr'>insignem</span> <span class='ocrx_word' id='word_1_231' title='bbox 884 2402 1045 2459; x_wconf 89' lang='lat' dir='ltr'>aVulcano</span> <span class='ocrx_word' id='word_1_232' title='bbox 1064 2400 1155 2471; x_wconf 83' lang='lat' dir='ltr'>iacta3</span> <span class='ocrx_word' id='word_1_233' title='bbox 1176 2416 1266 2473; x_wconf 91' lang='lat' dir='ltr'>porro</span> 
     </span>
     <span class='ocr_line' id='line_1_25' title="bbox 15 2487 1265 2570; baseline -0.001 -25"><span class='ocrx_word' id='word_1_234' title='bbox 15 2519 16 2570; x_wconf 35' lang='lat' dir='ltr'>p</span> <span class='ocrx_word' id='word_1_235' title='bbox 91 2489 327 2554; x_wconf 85' lang='lat' dir='ltr'>consultationem</span> <span class='ocrx_word' id='word_1_236' title='bbox 360 2487 461 2545; x_wconf 91' lang='lat' dir='ltr'>ducum</span> <span class='ocrx_word' id='word_1_237' title='bbox 496 2487 685 2546; x_wconf 88' lang='lat' dir='ltr'>Troianorum</span> <span class='ocrx_word' id='word_1_238' title='bbox 725 2493 894 2545; x_wconf 88' lang='lat' dir='ltr'>nocturnam</span> <span class='ocrx_word' id='word_1_239' title='bbox 929 2488 948 2544; x_wconf 91' lang='lat' dir='ltr'>l.</span> <span class='ocrx_word' id='word_1_240' title='bbox 976 2487 1020 2546; x_wconf 91' lang='lat' dir='ltr'>IX</span> <span class='ocrx_word' id='word_1_241' title='bbox 1048 2487 1166 2559; x_wconf 91' lang='lat' dir='ltr'>Nisique</span> <span class='ocrx_word' id='word_1_242' title='bbox 1201 2503 1265 2545; x_wconf 87' lang='lat' dir='ltr'>oum</span> 
     </span>
     <span class='ocr_line' id='line_1_26' title="bbox 15 2571 1266 2647; baseline 0 -17"><span class='ocrx_word' id='word_1_243' title='bbox 15 2571 16 2574; x_wconf 71' lang='grc'>’</span> <span class='ocrx_word' id='word_1_244' title='bbox 92 2575 213 2647; x_wconf 85' lang='lat' dir='ltr'>Euryalo</span> <span class='ocrx_word' id='word_1_245' title='bbox 248 2588 397 2632; x_wconf 87' lang='lat' dir='ltr'>commune</span> <span class='ocrx_word' id='word_1_246' title='bbox 430 2573 579 2630; x_wconf 87' lang='lat' dir='ltr'>consilium</span> <span class='ocrx_word' id='word_1_247' title='bbox 612 2574 703 2632; x_wconf 90' lang='lat' dir='ltr'>simile</span> <span class='ocrx_word' id='word_1_248' title='bbox 735 2578 892 2631; x_wconf 89' lang='lat' dir='ltr'>nocturnae</span> <span class='ocrx_word' id='word_1_249' title='bbox 925 2573 1086 2631; x_wconf 89' lang='lat' dir='ltr'>excursioni</span> <span class='ocrx_word' id='word_1_250' title='bbox 1117 2572 1266 2630; x_wconf 90' lang='lat' dir='ltr'>Diomedis</span> 
     </span>
     <span class='ocr_line' id='line_1_27' title="bbox 92 2656 1265 2732; baseline -0.002 -16"><span class='ocrx_word' id='word_1_251' title='bbox 92 2665 170 2732; x_wconf 86' lang='lat' dir='ltr'>atque</span> <span class='ocrx_word' id='word_1_252' title='bbox 190 2659 302 2728; x_wconf 88' lang='lat' dir='ltr'>Ulixis;</span> <span class='ocrx_word' id='word_1_253' title='bbox 330 2656 451 2716; x_wconf 86' lang='lat' dir='ltr'>fortasse</span> <span class='ocrx_word' id='word_1_254' title='bbox 478 2659 564 2716; x_wconf 89' lang='lat' dir='ltr'>etiam</span> <span class='ocrx_word' id='word_1_255' title='bbox 587 2658 676 2716; x_wconf 89' lang='lat' dir='ltr'>Turni</span> <span class='ocrx_word' id='word_1_256' title='bbox 698 2659 794 2715; x_wconf 85' lang='lat' dir='ltr'>multis</span> <span class='ocrx_word' id='word_1_257' title='bbox 814 2657 899 2716; x_wconf 89' lang='lat' dir='ltr'>rebus</span> <span class='ocrx_word' id='word_1_258' title='bbox 920 2657 1084 2730; x_wconf 89' lang='lat' dir='ltr'>probatam,</span> <span class='ocrx_word' id='word_1_259' title='bbox 1113 2663 1265 2730; x_wconf 88' lang='lat' dir='ltr'>antequam</span> 
     </span>
     <span class='ocr_line' id='line_1_28' title="bbox 89 2741 1265 2817; baseline -0.001 -16"><span class='ocrx_word' id='word_1_260' title='bbox 89 2761 148 2802; x_wconf 89' lang='lat' dir='ltr'>cum</span> <span class='ocrx_word' id='word_1_261' title='bbox 175 2762 211 2803; x_wconf 93' lang='lat' dir='ltr'>eo</span> <span class='ocrx_word' id='word_1_262' title='bbox 247 2743 470 2816; x_wconf 88' lang='lat' dir='ltr'>congrederetur</span> <span class='ocrx_word' id='word_1_263' title='bbox 497 2743 623 2817; x_wconf 90' lang='lat' dir='ltr'>Aeneas,</span> <span class='ocrx_word' id='word_1_264' title='bbox 658 2743 867 2813; x_wconf 72' lang='lat' dir='ltr'>fortitudinem,</span> <span class='ocrx_word' id='word_1_265' title='bbox 900 2744 1052 2816; x_wconf 89' lang='lat' dir='ltr'>imaginem</span> <span class='ocrx_word' id='word_1_266' title='bbox 1080 2744 1195 2801; x_wconf 89' lang='lat' dir='ltr'>Aeneae</span> <span class='ocrx_word' id='word_1_267' title='bbox 1228 2741 1265 2801; x_wconf 90' lang='lat' dir='ltr'>ab</span> 
     </span>
     <span class='ocr_line' id='line_1_29' title="bbox 90 2827 1266 2906; baseline 0 -20"><span class='ocrx_word' id='word_1_268' title='bbox 90 2829 192 2888; x_wconf 92' lang='lat' dir='ltr'>Iunone</span> <span class='ocrx_word' id='word_1_269' title='bbox 216 2829 255 2888; x_wconf 90' lang='lat' dir='ltr'>ad</span> <span class='ocrx_word' id='word_1_270' title='bbox 278 2827 404 2886; x_wconf 89' lang='lat' dir='ltr'>Turnum</span> <span class='ocrx_word' id='word_1_271' title='bbox 426 2828 623 2906; x_wconf 82' lang='lat' dir='ltr'>decipiendum</span> <span class='ocrx_word' id='word_1_272' title='bbox 646 2827 771 2886; x_wconf 87' lang='lat' dir='ltr'>effictam</span> <span class='ocrx_word' id='word_1_273' title='bbox 794 2831 812 2886; x_wconf 92' lang='lat' dir='ltr'>l.</span> <span class='ocrx_word' id='word_1_274' title='bbox 834 2829 884 2899; x_wconf 66' lang='lat' dir='ltr'>X,</span> <span class='ocrx_word' id='word_1_275' title='bbox 911 2829 956 2886; x_wconf 92' lang='lat' dir='ltr'>illi</span> <span class='ocrx_word' id='word_1_276' title='bbox 978 2830 1112 2900; x_wconf 79' lang='lat' dir='ltr'>similem,</span> <span class='ocrx_word' id='word_1_277' title='bbox 1139 2845 1195 2900; x_wconf 90' lang='lat' dir='ltr'>qua</span> <span class='ocrx_word' id='word_1_278' title='bbox 1216 2827 1266 2886; x_wconf 92' lang='lat' dir='ltr'>de·</span> 
     </span>
     <span class='ocr_line' id='line_1_30' title="bbox 90 2913 1266 2992; baseline -0.003 -20"><span class='ocrx_word' id='word_1_279' title='bbox 90 2917 161 2988; x_wconf 89' lang='lat' dir='ltr'>cepit</span> <span class='ocrx_word' id='word_1_280' title='bbox 188 2914 363 2992; x_wconf 85' lang='lat' dir='ltr'>Diomedem</span> <span class='ocrx_word' id='word_1_281' title='bbox 391 2914 507 2972; x_wconf 89' lang='lat' dir='ltr'>Aeneae</span> <span class='ocrx_word' id='word_1_282' title='bbox 537 2915 689 2972; x_wconf 88' lang='lat' dir='ltr'>instantem</span> <span class='ocrx_word' id='word_1_283' title='bbox 719 2913 840 2987; x_wconf 87' lang='lat' dir='ltr'>Apollo;</span> <span class='ocrx_word' id='word_1_284' title='bbox 873 2914 960 2986; x_wconf 90' lang='lat' dir='ltr'>adde,</span> <span class='ocrx_word' id='word_1_285' title='bbox 991 2915 1016 2972; x_wconf 86' lang='lat' dir='ltr'>si</span> <span class='ocrx_word' id='word_1_286' title='bbox 1043 2915 1149 2986; x_wconf 90' lang='lat' dir='ltr'>placet,</span> <span class='ocrx_word' id='word_1_287' title='bbox 1178 2913 1266 2971; x_wconf 87' lang='lat' dir='ltr'>alter-</span> 
     </span>
     <span class='ocr_line' id='line_1_31' title="bbox 15 2997 1266 3074; baseline -0.002 -16"><span class='ocrx_word' id='word_1_288' title='bbox 15 3057 17 3070; x_wconf 60' lang='lat'>,</span> <span class='ocrx_word' id='word_1_289' title='bbox 90 3002 229 3060; x_wconf 84' lang='lat' dir='ltr'>rationem</span> <span class='ocrx_word' id='word_1_290' title='bbox 258 3000 382 3058; x_wconf 88' lang='lat' dir='ltr'>Drancis</span> <span class='ocrx_word' id='word_1_291' title='bbox 412 3003 441 3057; x_wconf 90' lang='lat' dir='ltr'>et</span> <span class='ocrx_word' id='word_1_292' title='bbox 469 2998 558 3057; x_wconf 91' lang='lat' dir='ltr'>Turni</span> <span class='ocrx_word' id='word_1_293' title='bbox 584 2999 602 3058; x_wconf 91' lang='lat' dir='ltr'>l.</span> <span class='ocrx_word' id='word_1_294' title='bbox 629 3000 694 3068; x_wconf 86' lang='lat' dir='ltr'><strong>XI.;</strong></span> <span class='ocrx_word' id='word_1_295' title='bbox 724 2999 847 3074; x_wconf 91' lang='lat' dir='ltr'>denique</span> <span class='ocrx_word' id='word_1_296' title='bbox 874 2997 974 3058; x_wconf 87' lang='lat' dir='ltr'>foedus</span> <span class='ocrx_word' id='word_1_297' title='bbox 1002 3016 1020 3057; x_wconf 91' lang='lat' dir='ltr'>a</span> <span class='ocrx_word' id='word_1_298' title='bbox 1045 2998 1152 3056; x_wconf 86' lang='lat' dir='ltr'>Latino</span> <span class='ocrx_word' id='word_1_299' title='bbox 1181 3003 1266 3070; x_wconf 89' lang='lat' dir='ltr'>atque</span> 
     </span>
     <span class='ocr_line' id='line_1_32' title="bbox 15 3075 1267 3158; baseline 0.002 -18"><span class='ocrx_word' id='word_1_300' title='bbox 15 3075 16 3082; x_wconf 61' lang='lat'><em>&#39;</em></span> <span class='ocrx_word' id='word_1_301' title='bbox 93 3085 184 3145; x_wconf 88' lang='lat' dir='ltr'>Aenea</span> <span class='ocrx_word' id='word_1_302' title='bbox 211 3090 281 3144; x_wconf 89' lang='lat' dir='ltr'>ante</span> <span class='ocrx_word' id='word_1_303' title='bbox 310 3085 463 3142; x_wconf 91' lang='lat' dir='ltr'>ineundum</span> <span class='ocrx_word' id='word_1_304' title='bbox 490 3088 635 3144; x_wconf 88' lang='lat' dir='ltr'>certamen</span> <span class='ocrx_word' id='word_1_305' title='bbox 662 3085 804 3158; x_wconf 89' lang='lat' dir='ltr'>singulare</span> <span class='ocrx_word' id='word_1_306' title='bbox 831 3082 937 3142; x_wconf 85' lang='lat' dir='ltr'>iactum</span> <span class='ocrx_word' id='word_1_307' title='bbox 964 3085 1096 3156; x_wconf 88' lang='lat' dir='ltr'>idemque</span> <span class='ocrx_word' id='word_1_308' title='bbox 1116 3084 1267 3142; x_wconf 88' lang='lat' dir='ltr'>vulnerato</span> 
     </span>
     <span class='ocr_line' id='line_1_33' title="bbox 92 3168 1267 3230; baseline 0 -4"><span class='ocrx_word' id='word_1_309' title='bbox 92 3187 128 3227; x_wconf 90' lang='lat' dir='ltr'>ex</span> <span class='ocrx_word' id='word_1_310' title='bbox 144 3172 255 3230; x_wconf 89' lang='lat' dir='ltr'>insidiis</span> <span class='ocrx_word' id='word_1_311' title='bbox 279 3170 378 3228; x_wconf 91' lang='lat' dir='ltr'>Aenea</span> <span class='ocrx_word' id='word_1_312' title='bbox 399 3169 544 3227; x_wconf 89' lang='lat' dir='ltr'>turbatum</span> <span class='ocrx_word' id='word_1_313' title='bbox 567 3171 585 3226; x_wconf 93' lang='lat' dir='ltr'>l.</span> <span class='ocrx_word' id='word_1_314' title='bbox 608 3170 675 3228; x_wconf 88' lang='lat' dir='ltr'>XII.</span> <span class='ocrx_word' id='word_1_315' title='bbox 711 3169 867 3228; x_wconf 89' lang='lat' dir='ltr'>Praeterea</span> <span class='ocrx_word' id='word_1_316' title='bbox 889 3186 924 3228; x_wconf 88' lang='lat' dir='ltr'>ea</span> <span class='ocrx_word' id='word_1_317' title='bbox 945 3171 1068 3228; x_wconf 88' lang='lat' dir='ltr'>imitatio</span> <span class='ocrx_word' id='word_1_318' title='bbox 1090 3168 1215 3228; x_wconf 89' lang='lat' dir='ltr'>cernitur</span> <span class='ocrx_word' id='word_1_319' title='bbox 1236 3168 1267 3226; x_wconf 90' lang='lat' dir='ltr'>in</span> 
     </span>
     <span class='ocr_line' id='line_1_34' title="bbox 15 3253 1267 3330; baseline 0 -19"><span class='ocrx_word' id='word_1_320' title='bbox 15 3269 16 3272; x_wconf 45' lang='lat'>¹</span> <span class='ocrx_word' id='word_1_321' title='bbox 92 3257 183 3314; x_wconf 87' lang='lat' dir='ltr'>multis</span> <span class='ocrx_word' id='word_1_322' title='bbox 203 3255 339 3330; x_wconf 88' lang='lat' dir='ltr'>partibus</span> <span class='ocrx_word' id='word_1_323' title='bbox 362 3255 513 3324; x_wconf 85' lang='lat' dir='ltr'>orationis;</span> <span class='ocrx_word' id='word_1_324' title='bbox 537 3256 599 3327; x_wconf 90' lang='lat' dir='ltr'>quis</span> <span class='ocrx_word' id='word_1_325' title='bbox 620 3255 723 3326; x_wconf 87' lang='lat' dir='ltr'>nescit,</span> <span class='ocrx_word' id='word_1_326' title='bbox 746 3260 778 3312; x_wconf 90' lang='lat' dir='ltr'>ut</span> <span class='ocrx_word' id='word_1_327' title='bbox 798 3255 853 3312; x_wconf 92' lang='lat' dir='ltr'>hoc</span> <span class='ocrx_word' id='word_1_328' title='bbox 873 3271 959 3313; x_wconf 90' lang='lat' dir='ltr'>unum</span> <span class='ocrx_word' id='word_1_329' title='bbox 982 3253 1107 3327; x_wconf 81' lang='lat' dir='ltr'>afferam,</span> <span class='ocrx_word' id='word_1_330' title='bbox 1129 3254 1267 3327; x_wconf 86' lang='lat' dir='ltr'>plurimas</span> 
     </span>
     <span class='ocr_line' id='line_1_35' title="bbox 15 3339 1268 3422; baseline -0.002 -24"><span class='ocrx_word' id='word_1_331' title='bbox 15 3415 16 3422; x_wconf 8' lang='grc' dir='ltr'>ἵ</span> <span class='ocrx_word' id='word_1_332' title='bbox 91 3342 319 3415; x_wconf 87' lang='lat' dir='ltr'>comparationes</span> <span class='ocrx_word' id='word_1_333' title='bbox 342 3357 377 3398; x_wconf 90' lang='lat' dir='ltr'>ex</span> <span class='ocrx_word' id='word_1_334' title='bbox 390 3340 518 3398; x_wconf 87' lang='lat' dir='ltr'>Homero</span> <span class='ocrx_word' id='word_1_335' title='bbox 541 3339 715 3400; x_wconf 79' lang='lat' dir='ltr'>translatas?</span> <span class='ocrx_word' id='word_1_336' title='bbox 745 3341 874 3412; x_wconf 91' lang='lat' dir='ltr'>Denique</span> <span class='ocrx_word' id='word_1_337' title='bbox 896 3340 983 3398; x_wconf 91' lang='lat' dir='ltr'>etiam</span> <span class='ocrx_word' id='word_1_338' title='bbox 1003 3341 1114 3398; x_wconf 90' lang='lat' dir='ltr'>numeri</span> <span class='ocrx_word' id='word_1_339' title='bbox 1134 3355 1268 3398; x_wconf 85' lang='lat' dir='ltr'>versuum</span> 
     </span>
     <span class='ocr_line' id='line_1_36' title="bbox 91 3424 1268 3499; baseline -0.003 -15"><span class='ocrx_word' id='word_1_340' title='bbox 91 3427 230 3486; x_wconf 87' lang='lat' dir='ltr'>interdum</span> <span class='ocrx_word' id='word_1_341' title='bbox 252 3426 292 3484; x_wconf 88' lang='lat' dir='ltr'>ad</span> <span class='ocrx_word' id='word_1_342' title='bbox 314 3425 526 3484; x_wconf 91' lang='lat' dir='ltr'>similitudinem</span> <span class='ocrx_word' id='word_1_343' title='bbox 548 3425 667 3484; x_wconf 86' lang='lat' dir='ltr'>Homeri</span> <span class='ocrx_word' id='word_1_344' title='bbox 689 3430 754 3484; x_wconf 90' lang='lat' dir='ltr'>sunt</span> <span class='ocrx_word' id='word_1_345' title='bbox 775 3427 935 3499; x_wconf 87' lang='lat' dir='ltr'>compositi.</span> <span class='ocrx_word' id='word_1_346' title='bbox 978 3426 1085 3484; x_wconf 90' lang='lat' dir='ltr'>Verum</span> <span class='ocrx_word' id='word_1_347' title='bbox 1107 3424 1268 3497; x_wconf 82' lang='lat' dir='ltr'>gravissimi</span> 
     </span>
     <span class='ocr_line' id='line_1_37' title="bbox 91 3509 1266 3584; baseline -0.003 -16"><span class='ocrx_word' id='word_1_348' title='bbox 91 3515 193 3572; x_wconf 89' lang='lat' dir='ltr'>erroris</span> <span class='ocrx_word' id='word_1_349' title='bbox 221 3512 337 3584; x_wconf 87' lang='lat' dir='ltr'>culpam</span> <span class='ocrx_word' id='word_1_350' title='bbox 365 3512 513 3583; x_wconf 88' lang='lat' dir='ltr'>sustineat,</span> <span class='ocrx_word' id='word_1_351' title='bbox 544 3510 592 3584; x_wconf 93' lang='lat' dir='ltr'>qui</span> <span class='ocrx_word' id='word_1_352' title='bbox 614 3510 766 3584; x_wconf 87' lang='lat' dir='ltr'>Virgilium</span> <span class='ocrx_word' id='word_1_353' title='bbox 792 3527 877 3568; x_wconf 91' lang='lat' dir='ltr'>unum</span> <span class='ocrx_word' id='word_1_354' title='bbox 904 3527 966 3569; x_wconf 90' lang='lat' dir='ltr'>esse</span> <span class='ocrx_word' id='word_1_355' title='bbox 992 3511 1134 3568; x_wconf 88' lang='lat' dir='ltr'>existimet</span> <span class='ocrx_word' id='word_1_356' title='bbox 1162 3525 1197 3566; x_wconf 89' lang='lat' dir='ltr'>ex</span> <span class='ocrx_word' id='word_1_357' title='bbox 1222 3509 1266 3580; x_wconf 92' lang='lat' dir='ltr'>iis,</span> 
     </span>
     <span class='ocr_line' id='line_1_38' title="bbox 92 3594 1266 3674; baseline -0.003 -20"><span class='ocrx_word' id='word_1_358' title='bbox 92 3614 159 3668; x_wconf 89' lang='lat' dir='ltr'>quos</span> <span class='ocrx_word' id='word_1_359' title='bbox 180 3599 230 3674; x_wconf 89' lang='lat' dir='ltr'>his</span> <span class='ocrx_word' id='word_1_360' title='bbox 248 3596 343 3656; x_wconf 86' lang='lat' dir='ltr'>verbis</span> <span class='ocrx_word' id='word_1_361' title='bbox 364 3597 440 3654; x_wconf 90' lang='lat' dir='ltr'>ridet</span> <span class='ocrx_word' id='word_1_362' title='bbox 454 3596 604 3655; x_wconf 89' lang='lat' dir='ltr'>Horatius:</span> <span class='ocrx_word' id='word_1_363' title='bbox 628 3595 669 3668; x_wconf 87' lang='lat' dir='ltr'>„O</span> <span class='ocrx_word' id='word_1_364' title='bbox 691 3597 860 3668; x_wconf 89' lang='lat' dir='ltr'>imitatores,</span> <span class='ocrx_word' id='word_1_365' title='bbox 882 3613 995 3654; x_wconf 88' lang='lat' dir='ltr'>servum</span> <span class='ocrx_word' id='word_1_366' title='bbox 1009 3597 1126 3668; x_wconf 83' lang='lat' dir='ltr'>pecusi“</span> <span class='ocrx_word' id='word_1_367' title='bbox 1155 3594 1266 3667; x_wconf 87' lang='lat' dir='ltr'>Nempe</span> 
     </span>
     <span class='ocr_line' id='line_1_39' title="bbox 91 3680 1266 3756; baseline -0.001 -18"><span class='ocrx_word' id='word_1_368' title='bbox 91 3684 178 3742; x_wconf 86' lang='lat' dir='ltr'>multa</span> <span class='ocrx_word' id='word_1_369' title='bbox 200 3683 316 3756; x_wconf 88' lang='lat' dir='ltr'>quidem</span> <span class='ocrx_word' id='word_1_370' title='bbox 338 3682 387 3740; x_wconf 92' lang='lat' dir='ltr'>ille</span> <span class='ocrx_word' id='word_1_371' title='bbox 409 3687 551 3740; x_wconf 90' lang='lat' dir='ltr'>mutuatus</span> <span class='ocrx_word' id='word_1_372' title='bbox 574 3688 617 3740; x_wconf 90' lang='lat' dir='ltr'>est</span> <span class='ocrx_word' id='word_1_373' title='bbox 639 3680 676 3739; x_wconf 88' lang='lat' dir='ltr'>ab</span> <span class='ocrx_word' id='word_1_374' title='bbox 697 3681 839 3754; x_wconf 89' lang='lat' dir='ltr'>Homero,</span> <span class='ocrx_word' id='word_1_375' title='bbox 869 3681 919 3739; x_wconf 91' lang='lat' dir='ltr'>sed</span> <span class='ocrx_word' id='word_1_376' title='bbox 940 3683 995 3753; x_wconf 88' lang='lat' dir='ltr'>ita,</span> <span class='ocrx_word' id='word_1_377' title='bbox 1017 3685 1049 3739; x_wconf 90' lang='lat' dir='ltr'>ut</span> <span class='ocrx_word' id='word_1_378' title='bbox 1070 3681 1170 3739; x_wconf 89' lang='lat' dir='ltr'>eadem</span> <span class='ocrx_word' id='word_1_379' title='bbox 1191 3695 1266 3738; x_wconf 83' lang='lat' dir='ltr'>novo</span> 
     </span>
     <span class='ocr_line' id='line_1_40' title="bbox 15 3759 1267 3841; baseline -0.002 -16"><span class='ocrx_word' id='word_1_380' title='bbox 15 3759 17 3808; x_wconf 64' lang='grc' dir='ltr'>ἱ</span> <span class='ocrx_word' id='word_1_381' title='bbox 94 3768 185 3841; x_wconf 86' lang='lat' dir='ltr'>aliquo</span> <span class='ocrx_word' id='word_1_382' title='bbox 212 3767 300 3826; x_wconf 93' lang='lat' dir='ltr'>modo</span> <span class='ocrx_word' id='word_1_383' title='bbox 327 3782 430 3840; x_wconf 88' lang='lat' dir='ltr'>eoque,</span> <span class='ocrx_word' id='word_1_384' title='bbox 459 3769 506 3841; x_wconf 92' lang='lat' dir='ltr'>qui</span> <span class='ocrx_word' id='word_1_385' title='bbox 533 3767 670 3826; x_wconf 85' lang='lat' dir='ltr'>Romanis</span> <span class='ocrx_word' id='word_1_386' title='bbox 699 3767 821 3826; x_wconf 86' lang='lat' dir='ltr'>maxime</span> <span class='ocrx_word' id='word_1_387' title='bbox 848 3767 964 3839; x_wconf 88' lang='lat' dir='ltr'>placere</span> <span class='ocrx_word' id='word_1_388' title='bbox 989 3771 1100 3839; x_wconf 90' lang='lat' dir='ltr'>posset,</span> <span class='ocrx_word' id='word_1_389' title='bbox 1127 3769 1267 3823; x_wconf 84' lang='lat' dir='ltr'>tractaret</span> 
     </span>
     <span class='ocr_line' id='line_1_41' title="bbox 93 3852 1267 3926; baseline 0 -18"><span class='ocrx_word' id='word_1_390' title='bbox 93 3855 263 3926; x_wconf 90' lang='lat' dir='ltr'>multumque</span> <span class='ocrx_word' id='word_1_391' title='bbox 285 3853 418 3911; x_wconf 83' lang='lat' dir='ltr'>variaret.</span> <span class='ocrx_word' id='word_1_392' title='bbox 463 3852 617 3925; x_wconf 79' lang='lat' dir='ltr'>Compares</span> <span class='ocrx_word' id='word_1_393' title='bbox 639 3853 723 3910; x_wconf 90' lang='lat' dir='ltr'>velim</span> <span class='ocrx_word' id='word_1_394' title='bbox 745 3852 917 3925; x_wconf 88' lang='lat' dir='ltr'>particulam</span> <span class='ocrx_word' id='word_1_395' title='bbox 944 3868 1054 3923; x_wconf 91' lang='lat' dir='ltr'>eorum,</span> <span class='ocrx_word' id='word_1_396' title='bbox 1083 3867 1154 3926; x_wconf 86' lang='lat' dir='ltr'>quae</span> <span class='ocrx_word' id='word_1_397' title='bbox 1179 3867 1267 3923; x_wconf 91' lang='lat' dir='ltr'>supra</span> 
     </span>
    </p>
   </div>
   <div class='ocr_carea' id='block_1_3' title="bbox 94 3934 1374 4011">
    <p class='ocr_par' dir='ltr' id='par_1_3' title="bbox 15 3931 1374 4011">
     <span class='ocr_line' id='line_1_42' title="bbox 94 3934 1374 4011; baseline -0.003 -15.233"><span class='ocrx_word' id='word_1_398' title='bbox 94 3941 183 4011; x_wconf 88' lang='lat' dir='ltr'>posui,</span> <span class='ocrx_word' id='word_1_399' title='bbox 206 3956 271 3997; x_wconf 90' lang='lat' dir='ltr'>cum</span> <span class='ocrx_word' id='word_1_400' title='bbox 293 3937 466 4009; x_wconf 89' lang='lat' dir='ltr'>Homericis,</span> <span class='ocrx_word' id='word_1_401' title='bbox 488 3939 563 3996; x_wconf 88' lang='lat' dir='ltr'>unde</span> <span class='ocrx_word' id='word_1_402' title='bbox 586 3942 698 4010; x_wconf 91' lang='lat' dir='ltr'>sumpta</span> <span class='ocrx_word' id='word_1_403' title='bbox 720 3942 797 4009; x_wconf 90' lang='lat' dir='ltr'>sunt,</span> <span class='ocrx_word' id='word_1_404' title='bbox 820 3953 854 3995; x_wconf 90' lang='lat' dir='ltr'>ao</span> <span class='ocrx_word' id='word_1_405' title='bbox 875 3936 961 3995; x_wconf 86' lang='lat' dir='ltr'>facile</span> <span class='ocrx_word' id='word_1_406' title='bbox 982 3938 1024 3995; x_wconf 88' lang='lat' dir='ltr'>ita</span> <span class='ocrx_word' id='word_1_407' title='bbox 1046 3953 1107 3995; x_wconf 89' lang='lat' dir='ltr'>esse</span> <span class='ocrx_word' id='word_1_408' title='bbox 1130 3934 1266 3994; x_wconf 88' lang='lat' dir='ltr'>fatebere.</span> <span class='ocrx_word' id='word_1_409' title='bbox 1370 3943 1374 3963; x_wconf 79' lang='lat'><em>¹</em></span> 
     </span>
    </p>
   </div>
   <div class='ocr_carea' id='block_1_4' title="bbox 15 4021 1268 4272">
    <p class='ocr_par' dir='ltr' id='par_1_4' title="bbox 15 4021 1268 4272">
     <span class='ocr_line' id='line_1_43' title="bbox 93 4021 1268 4095; baseline 0 -17"><span class='ocrx_word' id='word_1_410' title='bbox 93 4021 231 4082; x_wconf 86' lang='lat' dir='ltr'>Miramur</span> <span class='ocrx_word' id='word_1_411' title='bbox 260 4025 322 4082; x_wconf 88' lang='lat' dir='ltr'>iure</span> <span class='ocrx_word' id='word_1_412' title='bbox 351 4023 475 4082; x_wconf 73' lang='lat' dir='ltr'>diurnam</span> <span class='ocrx_word' id='word_1_413' title='bbox 503 4023 583 4082; x_wconf 90' lang='lat' dir='ltr'>illam</span> <span class='ocrx_word' id='word_1_414' title='bbox 614 4023 826 4095; x_wconf 83' lang='lat' dir='ltr'>simplicitatem</span> <span class='ocrx_word' id='word_1_415' title='bbox 853 4022 984 4091; x_wconf 85' lang='lat' dir='ltr'>Homeri3</span> <span class='ocrx_word' id='word_1_416' title='bbox 1016 4027 1112 4080; x_wconf 88' lang='lat' dir='ltr'>tamen</span> <span class='ocrx_word' id='word_1_417' title='bbox 1140 4022 1214 4079; x_wconf 90' lang='lat' dir='ltr'>hanc</span> <span class='ocrx_word' id='word_1_418' title='bbox 1243 4022 1268 4078; x_wconf 90' lang='lat' dir='ltr'>si</span> 
     </span>
     <span class='ocr_line' id='line_1_44' title="bbox 15 4105 1267 4183; baseline 0 -19"><span class='ocrx_word' id='word_1_419' title='bbox 15 4161 16 4172; x_wconf 67' lang='grc'>,</span> <span class='ocrx_word' id='word_1_420' title='bbox 93 4111 228 4168; x_wconf 88' lang='lat' dir='ltr'>aemulari</span> <span class='ocrx_word' id='word_1_421' title='bbox 256 4109 397 4183; x_wconf 88' lang='lat' dir='ltr'>planeque</span> <span class='ocrx_word' id='word_1_422' title='bbox 425 4109 584 4182; x_wconf 90' lang='lat' dir='ltr'>exprimere</span> <span class='ocrx_word' id='word_1_423' title='bbox 611 4109 749 4166; x_wconf 80' lang='lat' dir='ltr'>voluisset</span> <span class='ocrx_word' id='word_1_424' title='bbox 774 4108 921 4182; x_wconf 91' lang='lat' dir='ltr'>Virgilius,</span> <span class='ocrx_word' id='word_1_425' title='bbox 948 4105 1079 4180; x_wconf 87' lang='lat' dir='ltr'>profecto</span> <span class='ocrx_word' id='word_1_426' title='bbox 1107 4124 1154 4180; x_wconf 90' lang='lat' dir='ltr'>ea,</span> <span class='ocrx_word' id='word_1_427' title='bbox 1182 4123 1267 4179; x_wconf 86' lang='lat' dir='ltr'>quam</span> 
     </span>
     <span class='ocr_line' id='line_1_45' title="bbox 15 4191 1267 4272; baseline -0.002 -22"><span class='ocrx_word' id='word_1_428' title='bbox 15 4219 16 4272; x_wconf 76' lang='lat' dir='ltr'>j</span> <span class='ocrx_word' id='word_1_429' title='bbox 94 4191 219 4268; x_wconf 86' lang='lat' dir='ltr'>abstulit,</span> <span class='ocrx_word' id='word_1_430' title='bbox 247 4195 345 4268; x_wconf 86' lang='lat' dir='ltr'>palma</span> <span class='ocrx_word' id='word_1_431' title='bbox 373 4195 424 4252; x_wconf 89' lang='lat' dir='ltr'>alii</span> <span class='ocrx_word' id='word_1_432' title='bbox 451 4195 574 4252; x_wconf 90' lang='lat' dir='ltr'>acutiori</span> <span class='ocrx_word' id='word_1_433' title='bbox 595 4193 695 4251; x_wconf 84' lang='lat' dir='ltr'>inisset</span> <span class='ocrx_word' id='word_1_434' title='bbox 716 4193 910 4266; x_wconf 90' lang='lat' dir='ltr'>relinquenda.</span> <span class='ocrx_word' id='word_1_435' title='bbox 955 4194 1067 4266; x_wconf 77' lang='lat' dir='ltr'>Quippe</span> <span class='ocrx_word' id='word_1_436' title='bbox 1088 4209 1181 4252; x_wconf 89' lang='lat' dir='ltr'>mores</span> <span class='ocrx_word' id='word_1_437' title='bbox 1203 4208 1267 4249; x_wconf 89' lang='lat' dir='ltr'>cum</span> 
     </span>
    </p>
   </div>
   <div class='ocr_carea' id='block_1_5' title="bbox 15 4276 1379 4352">
    <p class='ocr_par' dir='ltr' id='par_1_5' title="bbox 15 4276 1379 4352">
     <span class='ocr_line' id='line_1_46' title="bbox 15 4276 1379 4352; baseline 0.006 -19"><span class='ocrx_word' id='word_1_438' title='bbox 15 4311 16 4318; x_wconf 24' lang='grc' dir='ltr'><strong>κ</strong></span> <span class='ocrx_word' id='word_1_439' title='bbox 93 4279 154 4350; x_wconf 89' lang='lat' dir='ltr'>ipsa</span> <span class='ocrx_word' id='word_1_440' title='bbox 176 4281 263 4340; x_wconf 88' lang='lat' dir='ltr'>etiam</span> <span class='ocrx_word' id='word_1_441' title='bbox 285 4281 415 4338; x_wconf 87' lang='lat' dir='ltr'>oratione</span> <span class='ocrx_word' id='word_1_442' title='bbox 436 4279 556 4338; x_wconf 91' lang='lat' dir='ltr'>Homeri</span> <span class='ocrx_word' id='word_1_443' title='bbox 580 4279 693 4352; x_wconf 90' lang='lat' dir='ltr'>quidem</span> <span class='ocrx_word' id='word_1_444' title='bbox 714 4283 844 4351; x_wconf 87' lang='lat' dir='ltr'>tempore</span> <span class='ocrx_word' id='word_1_445' title='bbox 866 4279 952 4336; x_wconf 90' lang='lat' dir='ltr'>iidem</span> <span class='ocrx_word' id='word_1_446' title='bbox 977 4276 1038 4336; x_wconf 90' lang='lat' dir='ltr'>fere</span> <span class='ocrx_word' id='word_1_447' title='bbox 1064 4277 1189 4348; x_wconf 88' lang='lat' dir='ltr'>fuerunt,</span> <span class='ocrx_word' id='word_1_448' title='bbox 1217 4276 1267 4348; x_wconf 90' lang='lat' dir='ltr'>qui</span> <span class='ocrx_word' id='word_1_449' title='bbox 1375 4334 1379 4341; x_wconf 49' lang='lat'>,</span> 
     </span>
    </p>
   </div>
   <div class='ocr_carea' id='block_1_6' title="bbox 96 4361 1268 4439">
    <p class='ocr_par' dir='ltr' id='par_1_6' title="bbox 15 4349 1268 4456">
     <span class='ocr_line' id='line_1_47' title="bbox 96 4361 1268 4439; baseline -0.002 -19.129"><span class='ocrx_word' id='word_1_450' title='bbox 96 4363 203 4426; x_wconf 83' lang='lat' dir='ltr'>Troicis</span> <span class='ocrx_word' id='word_1_451' title='bbox 233 4364 424 4439; x_wconf 89' lang='lat' dir='ltr'>temporibus;</span> <span class='ocrx_word' id='word_1_452' title='bbox 457 4366 542 4438; x_wconf 86' lang='lat' dir='ltr'>longe</span> <span class='ocrx_word' id='word_1_453' title='bbox 575 4369 670 4424; x_wconf 88' lang='lat' dir='ltr'>autem</span> <span class='ocrx_word' id='word_1_454' title='bbox 704 4365 790 4423; x_wconf 87' lang='lat' dir='ltr'>aliter</span> <span class='ocrx_word' id='word_1_455' title='bbox 820 4363 981 4423; x_wconf 88' lang='lat' dir='ltr'>sentiebant</span> <span class='ocrx_word' id='word_1_456' title='bbox 1013 4380 1048 4422; x_wconf 87' lang='lat' dir='ltr'>ac</span> <span class='ocrx_word' id='word_1_457' title='bbox 1077 4361 1268 4436; x_wconf 86' lang='lat' dir='ltr'>loquebantur</span> 
     </span>
    </p>
   </div>
   <div class='ocr_carea' id='block_1_7' title="bbox 0 0 1479 4975">
    <p class='ocr_par' dir='ltr' id='par_1_7' title="bbox 0 0 1479 4975">
     <span class='ocr_line' id='line_1_48' title="bbox 0 0 1479 4975; baseline 0 0"><span class='ocrx_word' id='word_1_458' title='bbox 0 0 1479 4975; x_wconf 95' lang='lat' dir='ltr'> </span> 
     </span>
    </p>
   </div>
  </div>
 </body>
</html>
