2942 4975
512 296 726 367 AENEIDOS
748 298 828 366 LIB.
850 298 889 364 11

121 484 174 552 45
195 484 300 563 Dure,
321 501 380 565 per
402 500 546 558 eversae,
568 483 708 565 genitor,
728 484 886 553 fumantia
906 486 1022 554 Troiae

196 568 330 635 Excidio
351 568 508 635 obtestor:
530 567 628 638 lioeet
650 570 814 637 dimittere
835 573 874 638 ab
897 572 993 637 armis

197 655 393 721 incolumem
415 652 600 734 Ascanium,
621 654 718 721 liceat
739 676 907 739 superesse
929 661 1087 741 nepotem

115 740 120 747 '
196 742 323 807 Aeneas
344 757 420 805 sene
441 738 560 821 ignotis
581 740 721 807 iactetur
742 741 775 806 in
796 742 898 822 undis,
1221 736 1228 772 ¹

193 825 251 904 Et,
274 843 493 907 quaecumque
514 825 598 889 viam
621 826 747 893 dederit
767 826 923 907 Fortuna,
943 833 1110 910 sequatur:

122 911 174 977 50
195 911 290 977 Hunc
312 915 423 991 tegere
445 913 478 975 et
500 909 588 975 dirae
610 910 732 975 valeam
755 912 932 977 subducere
953 932 1087 997 pugnae.

195 996 255 1061 Est
276 995 444 1073 Aurethus‚
467 999 518 1059 est
539 996 624 1060 celsa
645 996 773 1078 Paphus
795 1003 891 1079 atque
913 998 980 1065 alta
1001 998 1148 1081 Cythera,
1197 1072 1203 1084 ,

194 1080 378 1163 Idaliaeque
400 1080 526 1145 domus:
548 1080 661 1162 positis
682 1081 838 1163 inglorius
859 1083 954 1149 ermis
1100 1091 1102 1100 ’

195 1166 312 1247 Exiget
333 1164 385 1231 hic
405 1184 528 1231 aevum.
572 1165 690 1249 Magne
711 1162 836 1234 dicione
859 1168 968 1234 iubeto

195 1250 359 1333 Karthago
381 1254 505 1333 premet
525 1251 712 1332 Ausoniem3
734 1253 814 1317 nihil
834 1254 966 1319 urbibus
987 1254 1062 1320 iude

122 1338 173 1407 55
197 1336 354 1402 Obstabit'
367 1335 478 1419 Tyriis.
522 1335 604 1413 Quid
626 1341 751 1419 pestem
773 1340 909 1404 evadere
930 1339 1008 1405 belli

193 1421 279 1487 Iuvit
302 1427 335 1487 ot
355 1422 521 1503 Argolicos
543 1422 683 1486 medium
705 1420 825 1505 fugisse
846 1443 904 1506 per
924 1424 1016 1506 ignis,

195 1508 321 1589 Totque
343 1506 439 1571 maris
461 1511 634 1589 vastaeque
657 1507 811 1576 exhauste
831 1509 973 1591 pericula
995 1514 1109 1590 terrae,

194 1593 279 1657 Dum
299 1592 428 1657 Latium
450 1592 565 1659 Teucri
586 1592 789 1675 recidivaque
810 1594 967 1677 Pergama
987 1596 1166 1677 quaeruut?

195 1666 268 1744 Non
290 1678 390 1743 satius
425 1676 548 1743 cineres
570 1677 692 1759 patriae
714 1679 870 1745 insedisse
892 1698 1057 1762 supremos
1242 1720 1254 1739 κ

122 1764 172 1830 60
194 1765 300 1845 Atque
321 1762 435 1843 solum,
458 1781 520 1845 quo
543 1762 639 1829 Troie
660 1762 742 1829 fuit?
785 1764 949 1830 Xanthum
971 1769 1004 1831 et
1026 1764 1189 1833 Simoente

193 1848 318 1927 Redde,
340 1866 410 1928 oro,
433 1847 571 1927 miseris,
592 1848 774 1931 iterumque
794 1850 959 1916 revolvere
982 1869 1073 1917 cesus

194 1934 257 2013 Da,
278 1938 385 2015 pater,
406 1933 520 1999 Ihecos
543 1933 682 1999 Teucris.

743 2019 824 2084 Tum
845 2021 935 2102 regie
954 2020 1034 2087 Iuno

193 2106 276 2171 Acte
296 2102 404 2169 furore
427 2103 529 2185 gravi:
557 2102 639 2180 Quid
660 2122 712 2169 me
734 2105 801 2169 elta
822 2105 950 2171 silentia
970 2106 1058 2187 cogis

192 2191 353 2272 Rumpere
376 2193 409 2254 et
430 2187 604 2254 obductum
626 2188 731 2254 verbis
753 2190 883 2271 volgare
905 2191 1070 2257 dolorem?

122 2276 171 2342 65
193 2276 327 2341 Aenean
348 2273 512 2339 homiuum
533 2274 699 2355 quisquam
721 2274 890 2356 divomque
912 2275 1038 2357 subegit

193 2360 287 2426 Belle
308 2360 411 2441 sequi,
434 2363 489 2425 aut
510 2359 634 2425 hostem
657 2359 726 2441 regi
748 2378 784 2424 se
805 2358 924 2425 inferre
946 2361 1082 2427 Latino?

192 2445 315 2513 ltaliam
340 2444 434 2528 petiit
455 2442 529 2510 latis
551 2444 748 2526 auctoribus3
771 2447 871 2526 estb3¹

194 2529 389 2598 Cassandrae
410 2529 555 2613 inpulsus
577 2511 680 2597 iuriis:
702 2550 779 2596 num
800 2532 945 2614 hnquere
968 2536 1074 2597 cestra

192 2617 321 2684 Horteti
343 2634 464 2696 sumus,
487 2621 543 2680 eut
564 2617 662 2681 vitam
685 2616 885 2683 committere
906 2617 1031 2683 ventis?

122 2703 171 2770 70
191 2703 276 2768 Num
298 2719 397 2784 puero
420 2721 574 2768 summam
595 2702 685 2782 belli,
706 2721 784 2767 num
805 2704 937 2768 credere
958 2704 1088 2769 muros?

193 2788 452 2871 Tyrrhenamque
473 2786 569 2853 fidem
592 2792 648 2854 aut
669 2788 775 2870 gentis
796 2788 918 2870 agitare
940 2787 1087 2870 quietas?

192 2873 270 2952 Quis
292 2873 371 2939 deus
392 2873 426 2938 in
447 2872 604 2952 fraudem,
627 2892 710 2955 quae
732 2872 813 2938 dura
833 2873 978 2956 potentia
1000 2873 1102 2940 nostri

190 2957 288 3041 Egit?
321 2957 376 3023 ubi
397 2957 448 3022 hic
470 2957 566 3038 Iuno,
588 2958 765 3024 demissave
787 2959 925 3024 nubibus
945 2959 1027 3024 luis?

191 3043 361 3126 Indignum
384 3047 434 3108 est
455 3043 555 3110 Italos
578 3044 704 3110 Troiam
727 3045 924 3114 circumdare
945 3043 1079 3110 flammis

120 3129 170 3196 75
191 3131 397 3207 Nascentem‚
421 3133 454 3192 et
475 3127 580 3210 patrie
602 3128 745 3193 Turnum
768 3129 944 3195 consistere
966 3133 1062 3209 terra,

192 3214 251 3282 Cui
271 3213 436 3279 Pilumnus
459 3232 549 3294 evus,
571 3214 621 3278 cni
643 3213 716 3278 diva
736 3213 864 3280 Venffie
884 3218 1000 3279 meten:

192 3298 288 3380 Quid,
308 3297 380 3365 face
402 3299 556 3364 Troianos
579 3304 650 3364 atra
671 3299 734 3363 vim
756 3298 842 3365 ferre
863 3299 994 3378 Latinis,

112 3433 116 3446 .
191 3387 278 3451 Arva
298 3385 403 3451 aliene
422 3384 497 3466 iugo
519 3401 664 3466 premere
685 3389 783 3466 atque
805 3390 952 3450 avertere
970 3385 1127 3466 praedas?

96 3587 136 3638 ud
155 3585 180 3635 id
199 3571 344 3702 ginniacum
368 3585 478 3646 spectat,
500 3582 564 3645 quod
586 3581 708 3647 sequitur,
725 3575 802 3648 etat
834 3576 877 3631 48.
900 3595 976 3645 rane,
1000 3580 1060 3630 nihil
1077 3595 1199 3648 repugno,
1222 3580 1280 3646 quin

102 3651 165 3716 aot!
219 3649 242 3702 l.
260 3647 373 3716 Papiria,
391 3664 415 3698 v.
434 3645 464 3698 G.
482 3644 507 3712 3,
527 3645 599 3715 1894
633 3644 674 3701 54.
690 3653 802 3716 premat,
820 3663 846 3698 v.
864 3645 889 3710 7,
901 3644 1005 3700 737-
1020 3648 1089 3712 indo,
1106 3649 1138 3700 eh
1157 3649 1280 3711 Ausouin3

98 3721 164 3776 nihil
187 3721 219 3770 ab
241 3719 314 3770 ltalia
336 3717 469 3768 timendum
492 3717 540 3767 erit
563 3716 717 3782 Carthagini,
736 3719 758 3768 si
780 3733 827 3768 nou
851 3715 953 3767 Troiani
976 3717 1078 3784 imperio
1099 3715 1187 3768 ltaliae
1227 3718 1281 3770 oliti

102 3785 214 3847 fuerint}
251 3784 293 3837 61.
310 3801 369 3867 νου..
380 3801 410 3866 c.³
428 3799 452 3864 v.
471 3784 497 3848 1,
514 3783 544 3850 93
561 3791 618 3835 erut
635 3792 716 3866 autem
735 3785 898 3868 metuendum,
916 3801 954 3849 ue,
971 3786 993 3835 si
1010 3785 1186 3838 restitueretur
1199 3734 1281 3868 iilum,

99 3849 767 3989 lhtlltltt„littlelllltlillllcii·
785 3850 1280 3987 ttttailrcl‘ieiiirlhlh.

102 3995 135 4078 ad
149 3993 292 4044 Euandrum
304 3989 490 4057 proficiscimur
525 3988 566 4042 71.
587 3987 679 4058 spere.
690 3993 776 4058 fidem
792 3992 907 4056 agitare,
924 3990 1079 4041 sollicitando
1091 3992 1123 4042 ad
1136 3992 1279 4071 societatem

100 4063 234 4116 ineundum
260 4059 398 4127 perpellere
424 4058 590 4136 Tyrrhenos!
633 4055 674 4110 72.
695 4053 981 4142 [raedempmuluml
1023 4055 1064 4110 76.
1090 4075 1167 4142 cauus,
1195 4075 1279 4109 venus

102 4133 237 4195 atavus,
255 4127 286 4180 cl.
303 4143 342 4178 vs.
355 4121 427 4178 61al
463 4125 504 4178 77.
522 4127 592 4194 (leod
606 4130 663 4178 esti
681 4144 792 4180 munusue
808 4129 932 4191 iudignum
944 4128 999 4178 esti
1010 4155 1045 4166 -
1056 4127 1179 4180 luvrdrose
1195 4134 1279 4178 autom

102 4199 219 4254 Troianis
236 4195 462 4264 exprobrantium,
480 4211 543 4262 qnae
561 4196 613 4246 lieri
631 4197 711 4248 solent
727 4195 751 4246 iu
769 4196 847 4259 hello,
868 4197 916 4248 etsi
933 4212 979 4246 nou
997 4195 1096 4247 buerunt
1113 4197 1194 4258 iactu
1212 4195 1279 4245 simi-

99 4269 161 4322 liter
177 4265 269 4318 Veneri
290 4265 379 4316 tribuit
401 4279 440 4314 vs.
456 4260 490 4315 82
508 4281 559 4331 sq,
582 4280 645 4329 quae
666 4266 697 4316 ah
722 4266 778 4316 aliis
802 4265 849 4316 diis
865 4271 922 4316 acta
938 4265 1032 4335 eruut!
1066 4262 1107 4316 78.
1125 4267 1199 4315 Arva
1216 4278 1242 4312 a.
1260 4265 1278 4312 i.

97 4353 151 4406 pr„
169 4337 269 4388 videtur
285 4333 318 4384 ad
334 4331 358 4397 7,
376 4330 426 4386 157
444 4334 533 4400 respici
550 4333 661 4399 ritusque
677 4333 719 4385 ille
734 4333 881 4398 significari,
902 4349 949 4400 qno
966 4334 1048 4384 locun
1063 4333 1120 4384 urbi
1136 4331 1279 4383 madmena
