2942 4975
208 290 251 360 70
581 292 615 355 Ρ.
637 291 802 357 VIRGILI
823 291 1014 358 MARONIS

293 480 468 547 Arboribus
491 496 597 561 seges,
620 484 653 544 et
675 496 739 561 quo
760 498 835 545 mox
855 479 983 561 digesta
1003 479 1136 560 feratur,

293 568 451 633 Mutatam
473 564 623 646 ignorent
644 564 751 629 subito
772 583 814 629 ne
836 565 958 630 semina
977 571 1123 631 matrem.

294 652 377 731 Quin
400 650 496 717 etiam
519 650 599 715 caeli
620 650 786 732 regionem
806 651 840 716 in
862 650 982 716 cortice
1004 652 1142 733 signant,

208 736 272 805 270
294 738 351 818 Ut,
373 755 436 819 quo
458 754 604 818 quaeque
627 736 721 800 modo
744 736 889 815 steterit,
910 756 974 817 qua
996 741 1089 819 perte
1111 737 1235 803 caloree

293 822 462 889 Austrinos
485 820 610 900 tulerit,
632 839 714 902 quae
736 825 830 903 terga
851 821 1029 887 obverterit
1049 822 1108 901 axi,

292 908 490 980 Restituant:
514 907 593 970 adeo
617 906 650 970 in
671 907 793 971 teneris
817 925 1026 973 consuescere
1048 908 1185 973 multum
1207 916 1268 974 est

295 993 435 1059 Collibus
457 1012 498 1056 on
519 991 615 1073 plano
637 991 752 1056 melius
773 992 816 1056 sit
837 1011 957 1075 ponere
979 992 1088 1072 vitem,

293 1078 418 1157 Quaere
440 1076 536 1159 pride.
580 1074 614 1141 Si
636 1077 763 1159 pinguis
785 1096 878 1159 egros
900 1079 1064 1143 metabere
1085 1081 1197 1163 campi,

207 1164 271 1232 275
292 1164 401 1228 Densa
423 1180 508 1227 sere:
530 1162 564 1225 in
586 1162 686 1227 denso
709 1181 774 1226 non
795 1163 925 1244 segnior
946 1164 1045 1229 ubere
1067 1166 1227 1246 Bacchum

293 1249 349 1315 Sin
371 1247 503 1312 tumulis
525 1248 647 1312 adclive
669 1248 773 1312 solum
795 1248 950 1330 collisque
972 1250 1111 1331 supinos,

294 1333 428 1415 Indulge
452 1332 629 1412 ordinibus,
652 1351 711 1397 nec
734 1334 835 1398 setius
857 1334 959 1398 omnis
981 1334 1014 1399 in
1036 1354 1177 1418 unguem

293 1418 468 1485 Arboribus
490 1418 602 1500 positis
624 1423 713 1484 secto
736 1419 789 1483 via
810 1419 912 1484 limite
934 1421 1080 1502 quadret

293 1504 338 1571 Ut
360 1522 455 1586 saepe
477 1502 601 1585 ingenti
623 1503 708 1568 bello
733 1523 805 1569 eum
827 1505 924 1586 longa
945 1506 1094 1571 cohortes

208 1591 271 1657 280
292 1589 453 1672 Explicuit
475 1588 558 1671 legio
584 1594 617 1653 ct
640 1608 751 1671 campo
773 1591 865 1654 stetit
888 1610 1002 1672 agmen
1024 1597 1144 1673 aperto,

242 1720 244 1727 ,
293 1676 508 1756 Directaeque
530 1674 628 1753 acies,
651 1678 694 1739 ac'
710 1676 777 1740 late
799 1672 933 1741 fluctuat
955 1677 1056 1741 omnis

293 1763 378 1827 Aere
399 1759 561 1825 renidenti
583 1760 692 1838 tellus,
715 1762 852 1825 necdum
874 1761 1004 1827 horrida
1024 1764 1161 1828 miscent

293 1848 431 1925 Proelia,
454 1845 511 1909 sed
533 1844 648 1909 dubius
671 1846 784 1910 mediis
807 1846 893 1911 Mars
915 1853 1004 1913 errat
1024 1849 1057 1912 in
1077 1850 1191 1913 armis:

207 2071 346 2135 diligentior
366 2075 412 2133 est,
431 2066 545 2119 educabit
563 2068 626 2117 vites
645 2068 667 2116 in
687 2068 826 2132 seminario,
845 2068 909 2134 quod
928 2071 1018 2121 babeat
1036 2071 1114 2121 solum
1132 2072 1211 2123 simile
1230 2074 1261 2136 ei,
1279 2074 1305 2123 in
1325 2077 1392 2140 quod

206 2140 265 2191 illae
282 2153 340 2189 mox
358 2130 564 2202 transferantur}
600 2130 658 2185 267.
677 2136 789 2200 digesta,
807 2138 892 2187 ordine
911 2138 1042 2205 disposita,
1066 2138 1096 2189 ci.
1114 2154 1154 2189 vs.
1171 2137 1247 2209 277.Ι
1282 2138 1346 2194 268.
1364 2160 1393 2194 ne

206 2209 271 2261 forte
288 2224 334 2257 non
353 2208 501 2257 adsuescant
518 2220 581 2254 novo
600 2201 676 2273 solo}
710 2202 770 2255 271.
789 2208 867 2270 terga
885 2208 930 2255 boc
947 2208 1002 2257 loeo
1014 2208 1152 2271 significent
1163 2216 1258 2275 partem
1271 2212 1393 2262 arborum

207 2279 239 2329 ab
251 2278 344 2328 Austro
357 2288 484 2333 aversam
503 2288 563 2337 ergo
579 2279 607 2323 nt
619 2288 730 2337 quaeque
743 2288 801 2339 pare
813 2275 907 2325 Austro
926 2284 971 2326 ant
988 2277 1155 2343 septentrioni
1173 2279 1289 2344 opposita
1306 2279 1393 2344 fuerit,

206 2348 242 2397 ite
260 2345 415 2396 restituatur.
434 2372 467 2381 -
490 2342 540 2391 Alii
574 2357 618 2393 aa.
637 2370 670 2377 —
688 2344 749 2403 aad,
773 2340 852 2411 polo!
886 2341 945 2394 272.
964 2351 1034 2395 tante
1052 2352 1091 2395 est
1107 2346 1146 2395 vis
1164 2348 1352 2398 consuetudinis
1370 2351 1394 2399 in

206 2416 281 2465 nebus
304 2413 406 2475 teneris,
432 2410 462 2463 ci.
481 2426 519 2460 vs.
537 2358 611 2476 31³4
646 2406 705 2461 273.
730 2426 814 2476 nempe
837 2412 879 2461 alii
904 2414 986 2475 generi
1004 2414 1090 2464 vitium
1114 2414 1196 2477 collis,
1221 2415 1265 2465 alii
1288 2432 1394 2483 campus

206 2491 280 2551 aptus
299 2481 360 2553 esti
394 2478 453 2532 275.
472 2480 538 2531 Satis
557 2478 639 2530 inerat
657 2479 795 2530 dixissetis
814 2480 898 2545 denso,
917 2482 934 2532 i.
947 2497 967 2532 e.
987 2482 1009 2532 in
1030 2484 1105 2533 densa
1122 2491 1217 2548 segeta3
1236 2484 1291 2551 ipsa
1306 2495 1395 2538 autern

206 2553 315 2604 densitas
339 2568 393 2602 cum
415 2548 537 2599 ubertatis
561 2549 682 2613 quandam
702 2564 713 2597 e
732 2549 805 2598 eciem
824 2565 885 2614 prae
902 2566 929 2600 sc
946 2549 1023 2612 ierat,
1048 2559 1179 2617 propterea
1203 2553 1296 2604 adiecit
1317 2562 1395 2621 poeta

205 2623 290 2672 ubere.
313 2647 348 2656 —
370 2621 488 2684 segnior,
512 2613 673 2686 v.1‚151.t
708 2565 758 2666 277
777 2632 814 2681 eq.
843 2618 954 2684 Iudelge
976 2621 1123 2682 ordinibus,
1145 2622 1162 2670 'a
1181 2637 1203 2671 e.
1228 2621 1268 2672 iac
1290 2625 1395 2674 ordines

206 2689 324 2739 laxiores.
348 2715 381 2724 -
407 2701 454 2735 aec
471 2689 553 2734 retius
571 2687 594 2734 in
613 2683 678 2734 laxis
697 2686 792 2735 scilicet
813 2687 951 2750 ordinibus,
975 2703 1046 2752 quem
1065 2689 1106 2738 ubi
1124 2690 1200 2739 densa
1218 2692 1330 2754 severis,
1355 2709 1394 2743 vs.

206 2755 265 2809 275.
279 2783 312 2793 ·-
330 2756 450 2804 Arborii.
465 2757 557 2819 positia
570 2756 597 2804 ia
612 2769 709 2818 range,
727 2770 764 2816 eo,
783 2761 811 2804 nt
828 2755 891 2804 vites
910 2757 1026 2822 disponas
1043 2765 1167 2819 accurate,
1186 2774 1206 2808 e.
1219 2761 1297 2810 certis
1314 2760 1396 2811 inter·

205 2825 288 2886 vellis,
307 2820 405 2884 effluet,
422 2829 451 2872 ut
469 2823 545 2872 omnis
563 2823 605 2871 via
623 2821 736 2885 quadret.
756 2849 788 2860 -
806 2824 833 2873 in
851 2822 886 2889 (e.
905 2824 953 2890 ad)
972 2840 1102 2890 uirgacm:
1119 2827 1270 2889 „translatio
1290 2843 1306 2878 a
1324 2844 1396 2880 mar-

206 2893 330 2955 morariis,
350 2892 386 2942 ait
397 2891 507 2951 Servios,
526 2892 567 2955 qui
580 2891 707 2940 iuncturas
724 2890 848 2954 denibus
866 2893 996 2958 probant.“
1008 2921 1042 2930 -
1059 2894 1148 2954 limite,
1166 2895 1208 2944 via
1227 2903 1394 2960 transversa3

206 2966 274 3012 rectu
291 2973 336 3026 per
353 2960 456 3010 alteram
475 2960 553 3017 viam,
571 2963 600 3009 nt
617 2957 710 3009 existat
728 2960 868 3010 decussatis
888 2962 950 3011 bunc
966 2962 990 3011 in
1009 2963 1119 3012 modum:

731 3135 863 3334 ssei

206 3471 380 3538 Quadrabit
404 3479 499 3536 autem,
525 3489 545 3522 s.
569 3473 695 3524 conveniet
718 3475 782 3524 iuter
805 3490 843 3537 se,
867 3477 944 3525 omnis
967 3478 1008 3526 via
1033 3478 1080 3538 sie,
1103 3483 1132 3527 ut
1156 3477 1272 3543 aequalia
1297 3480 1350 3530 sint
1372 3481 1397 3529 in

206 3549 449 3610 utramquepartem
468 3540 613 3604 intervella,
632 3540 696 3592 unde
713 3543 742 3592 lit
759 3545 819 3593 haee
837 3544 928 3607 ligura,
947 3545 1070 3610 quincunx
1090 3546 1169 3596 dicte:

845 3681 868 3719 ln
881 3680 969 3729 legione
982 3679 1094 3721 Romam:

797 3758 820 3822 :t
846 3732 1017 3833 :nitide

555 3841 591 3874 so
624 3843 639 3874 0
675 3845 689 3873 0
725 3840 740 3871 0
797 3861 820 3874 ..
846 3835 976 3876 ...triadi

205 3989 289 4043 Libeia
307 3991 330 4040 in
350 3992 395 4041 beo
413 3991 573 4043 delineatione
590 3993 646 4042 viae
664 3992 803 4057 limitesque
826 3991 1004 4054 significantur,
1028 3989 1127 4040 circulis
1144 3990 1186 4040 vel
1203 3989 1270 4038 vites
1289 3989 1333 4039 vel
1352 3989 1398 4040 mi·

204 4057 287 4124 lites!
321 4055 380 4109 279.
404 4059 490 4124 lunge:
517 4059 551 4113 tu
570 4077 627 4111 cam
646 4075 736 4126 serpe,
759 4075 785 4109 r.
804 4059 834 4109 Α.
853 4057 877 4120 1,
896 4054 954 4108 148.
989 4062 1103 4122 ingenti,
1128 4058 1284 4108 obvoeeetur
1304 4067 1399 4124 poetae

206 4129 287 4180 animo
306 4141 386 4194 pugna
405 4143 448 4194 per
466 4141 577 4194 campum
596 4128 737 4191 longissime
754 4135 876 4194 patentem
894 4133 1004 4177 extenta.
1026 4153 1061 4164 -
1082 4127 1179 4192 louge
1197 4126 1227 4180 iit
1243 4127 1397 4193 exprimes

206 4192 284 4270 ecee]
318 4193 368 4247 281
385 4211 421 4261 sq.
440 4197 551 4264 proprie:
569 4200 674 4247 fluctuat
691 4196 744 4246 sole
760 4211 906 4261 repercusso
924 4196 1042 4262 splendor
1059 4210 1185 4245 armornm
1202 4209 1247 4260 per
1264 4210 1397 4262 campa-3

205 4267 269 4328 binc,
286 4266 386 4317 inversa
404 4265 523 4328 oratione,
541 4279 642 4331 campus
660 4264 791 4330 splendore
806 4267 927 4314 ductnare
944 4258 1060 4321 dieitur!
1093 4261 1153 4315 283.
1172 4263 1239 4313 med.
1252 4266 1281 4312 ia
1297 4268 1398 4326 emir,

203 4335 269 4386 inter
281 4335 329 4386 duo
340 4334 475 4384 eacrcitue.
493 4359 528 4370 —
546 4337 622 4384 erret
638 4331 745 4395 dubius,
763 4333 820 4382 dnm
838 4334 957 4384 incertum
969 4340 1016 4397 eat,
1035 4333 1067 4382 ab
1084 4339 1143 4382 atra
1159 4338 1276 4398 pet-teet
1294 4334 1398 4398 quande
