2942 4975
202 396 246 459 10
569 396 603 459 Ρ.
626 394 792 459 VIRGILI
814 394 1004 459 MARONIS

222 583 268 646 20
291 583 414 667 Tityre,
438 600 517 665 coge
538 598 651 664 pecus:
674 584 710 645 tu
732 585 805 662 post
828 585 954 645 carecta
975 580 1107 646 latebas,

291 694 319 733 n.
368 669 418 735 An
440 666 517 731 mibi
540 666 697 731 cantando
721 666 825 730 victus
846 684 911 730 non
933 666 1085 731 redderet
1105 667 1169 746 ille,

290 754 391 830 Quem
415 770 485 817 mea
508 752 699 816 carminibus
722 751 891 815 meruisset
913 749 1021 816 fistula
1043 753 1193 833 caprum?

290 837 323 902 Si
345 838 463 916 nesciS,
486 855 575 902 meus
596 836 653 900 ille
676 854 771 917 caper
792 834 866 913 fuit;
890 836 1020 901 etmihi
1043 837 1168 901 Damon

290 924 362 1004 Ipse
385 922 561 1001 fatebatur'3
584 922 640 987 sed
662 922 799 985 reddere
820 939 915 1003 posse
936 920 1083 1003 negabat.

222 1008 268 1073 25
289 1035 319 1073 u.
342 1007 507 1073 Cantando
530 1012 567 1071 tu
587 1006 699 1071 illum?
736 1011 792 1070 aut
815 1025 963 1087 umquam
986 1006 1044 1071 tibi
1066 1005 1173 1072 fistula
1195 1024 1270 1072 cera

288 1092 404 1157 Iuncta
424 1091 505 1157 luit?
537 1110 600 1156 non
623 1095 659 1155 tu
680 1091 714 1155 in
735 1091 851 1169 tririiS,
872 1091 1016 1171 indocte,
1038 1091 1164 1157 solebas

290 1176 447 1242 Stridenti
468 1176 619 1241 miserum
642 1176 761 1257 stipula
779 1176 963 1257 disperdere
986 1178 1137 1242 carmen?

289 1288 318 1326 n.
366 1262 422 1327 Vis
445 1280 538 1344 ergo,
559 1263 645 1326 inter
667 1280 739 1341 noa,
761 1253 838 1343 quid
858 1262 960 1343 possit
981 1266 1130 1343 uterque,
1151 1261 1290 1327 vicissim

201 1372 209 1377 ·
291 1347 522 1429 Experiamur?
560 1365 620 1428 ego
642 1346 724 1411 haue
746 1346 878 1411 vitulam
903 1382 943 1392 -—
964 1365 1005 1411 ne
1027 1346 1112 1412 forte
1133 1365 1271 1424 recuses,

223 1426 269 1497 30
290 1432 346 1497 Bis
368 1433 456 1497 venit
478 1433 519 1497 ad
541 1432 722 1507 mulctram,
746 1431 837 1496 binos
859 1432 917 1497 alit
938 1432 1036 1497 ubere
1058 1431 1143 1497 fetus
1166 1470 1205 1479 —

290 1518 437 1600 Depone:
461 1522 496 1581 tu
518 1518 580 1597 dic,
602 1536 727 1582 mecum
750 1535 812 1598 quo
834 1516 969 1599 pignore
991 1523 1104 1582 certes.

290 1628 320 1669 u.
363 1602 413 1667 De
435 1622 533 1685 grege
556 1622 619 1667 non
642 1603 744 1667 ausim
766 1602 935 1683 quiequam
958 1603 1119 1684 deponere
1141 1608 1261 1667 tecum:

289 1690 348 1753 Est
370 1688 447 1752 mihi
469 1706 606 1769 namque
628 1688 713 1752 domi
734 1692 842 1769 pater,
868 1692 918 1751 est
939 1688 1059 1752 iniusta
1079 1706 1228 1766 noverca3

289 1774 408 1855 Bisque
431 1774 481 1838 die
504 1778 674 1837 numerant
697 1773 790 1837 ambo
812 1790 924 1854 pecus,
946 1771 1029 1837 alter
1050 1778 1084 1837 et
1104 1772 1233 1838 haedos.

222 1858 267 1923 35
291 1859 421 1936 Verum,
443 1859 476 1922 id
499 1858 583 1939 quod
606 1857 706 1923 multo
729 1862 800 1922 tute
821 1858 890 1939 ipse
912 1856 1057 1923 fatebere
1080 1857 1189 1937 maius
1214 1894 1253 1905 -

289 1943 432 2008 Insanire
455 1944 535 2007 libet
557 1942 703 2024 quoniam
725 1943 785 2007 tibi
806 1978 850 1989 -
871 1943 986 2024 pocula
1006 1960 1122 2024 ponam

288 2028 421 2109 Fagina,
444 2028 603 2093 caelatum
625 2028 723 2091 divini
746 2046 825 2109 opus
846 2027 1091 2093 Alcimedontis:

288 2114 392 2178 Lenta
414 2113 527 2194 quibus
550 2118 643 2177 torno
666 2112 752 2177 facili
774 2113 981 2194 superaddita
1000 2113 1076 2177 vitis

290 2196 429 2263 Diffusos
452 2198 572 2264 hedera
593 2197 691 2263 vestit
712 2197 855 2279 pallente
878 2198 1052 2281 corymbos.

222 2283 268 2347 40
289 2284 326 2347 In
348 2283 454 2348 medio
478 2283 540 2350 duo
562 2283 664 2365 signa,
686 2282 812 2362 Conon,
843 2287 876 2347 et
898 2320 939 2329 —
961 2284 1032 2364 quis
1054 2282 1116 2348 fuit
1137 2284 1228 2362 alter,

289 2368 467 2450 Descripsit
488 2369 578 2434 radio
601 2373 705 2433 totum
728 2369 782 2450 qui
804 2368 953 2449 gentibus
976 2369 1094 2449 orbem,

204 2575 227 2623 in
246 2557 323 2625 unumu
337 2575 426 2624 locum.
467 2570 509 2624 21.
528 2575 650 2626 redderet
662 2572 784 2640 (Derion)
797 2588 911 2639 caprum:
929 2574 1018 2625 daret
1036 2574 1170 2624 debitum
1188 2573 1246 2623 mibi
1257 2574 1358 2624 victori.
1379 2575 1387 2636 Ι

200 2639 244 2692 22.
264 2643 294 2692 ei.
314 2641 337 2704 1,
356 2640 397 2710 21
447 2637 471 2691 4.
490 2645 612 2707 negabat,
631 2657 702 2706 quam
721 2642 753 2692 ob
771 2643 888 2692 causam?
995 2643 1084 2694 allusu?
1107 2657 1142 2695 sc.
1160 2642 1250 2692 vicisse
1266 2648 1294 2692 te
1311 2642 1388 2704 aisi

199 2502 244 2555 20.
259 2505 387 2556 Titvrus
405 2521 434 2554 ca
453 2505 533 2556 rarius
546 2505 670 2556 Damonis.
683 2533 717 2542 -
730 2521 824 2571 eogere
833 2521 921 2571 pecua,
940 2505 1075 2572 dispersum
1088 2522 1119 2555 ac
1130 2521 1220 2570 vagum
1232 2506 1387 2572 compellere

429 2522 450 2690 ἕ
894 2638 1005 2761 ae.

200 2707 244 2759 26.
263 2711 286 2759 in
304 2709 385 2764 triviis
403 2710 494 2760 indocti
511 2716 535 2760 et
553 2710 627 2760 rndcs
647 2711 711 2775 apud
729 2711 860 2774 ignobilem
878 2727 894 2776 p
1005 2727 1030 2760 aa
1042 2711 1263 2760 caneresolcbant.
1286 2707 1387 2776 (Aliter

202 2778 311 2828 Servius.
342 2777 368 2828 ln
385 2777 467 2828 triviis
485 2778 547 2828 eninr
565 2779 683 2842 imagines
702 2779 806 2828 Hecates
824 2785 895 2828 crant
912 2779 1023 2844 positae,
1042 2780 1177 2842 Hecataea,
1196 2793 1260 2844 qnae
1277 2780 1325 2829 dea
1344 2781 1386 2830 vel
1469 2788 1470 2815 l

200 2861 294 2910 augere
311 2861 399 2910 greges
412 2846 453 2895 vel
464 2847 572 2897 minuere
583 2847 739 2897 credebatur.
764 2846 939 2910 „Consuetudo
950 2845 1058 2910 inemt“,
1077 2848 1113 2898 ait
1124 2848 1174 2908 illc,
1192 2853 1238 2908 „ut
1249 2861 1295 2912 per
1306 2848 1386 2898 trivia

200 2921 227 2963 et
245 2915 375 2980 quadrivia
392 2914 517 2964 ulularent
534 2921 559 2964 ct
575 2915 655 2965 tlebile
672 2915 787 2979 quiddam
801 2916 826 2964 in
838 2915 955 2964 bonorem
967 2915 1061 2965 dianae
1079 2914 1144 2981 [sive
1155 2915 1320 2981 Proserpinae
1331 2918 1387 2966 sive

202 2982 317 3049 Hecates]
336 2989 452 3033 canerent
469 2983 556 3033 rustici
574 2985 607 3033 ad
626 2984 773 3033 reddendam
786 2983 884 3034 Cereris
900 2984 1066 3047 imitationem,
1088 2999 1151 3049 qnae
1167 2989 1265 3049 raptam
1278 2983 1386 3034 Proser·

202 3052 282 3116 pinam
294 3052 317 3100 in
329 3052 411 3102 triviis
423 3052 531 3102 clamore
543 3049 741 3120 requirebat.“)1
771 3049 813 3102 27.
831 3051 981 3118 disperdere
998 3053 1173 3116 significantius
1188 3066 1261 3171 pipat
1275 3067 1386 3113 eonem

202 3120 344 3170 miserum
364 3121 425 3170 enim
443 3119 637 3189 eratcarmcn.1
663 3117 704 3171 29.
723 3121 813 3182 citata,
830 3120 945 3178 iuvenca3
964 3119 995 3172 cl.
1014 3119 1044 3171 G.
1056 3117 1169 3188 absai
1230 3158 1236 3170 .
1257 3119 1289 3170 cl.
1308 3119 1339 3171 G.
1359 3120 1384 3182 3,

202 3185 341 3256 lvd-784
370 3185 412 3238 31.
431 3187 548 3254 depono,
566 3189 653 3254 pignus
671 3204 748 3254 pono,
767 3189 832 3253 qnod
850 3187 964 3251 auferas,
983 3190 1005 3239 si
1023 3205 1062 3239 me
1079 3185 1216 3308 viceris&³
1226 3185 1268 3239 32.
1289 3193 1385 3252 tecma,

200 3255 217 3305 i.
235 3272 255 3305 e.
274 3257 312 3307 uti
328 3263 356 3306 tu
374 3257 461 3323 pignus
480 3259 511 3306 de
527 3272 603 3321 grege
620 3257 701 3324 ponis3
720 3255 751 3306 cl.
771 3255 801 3306 G.
822 3254 845 3320 1,
861 3253 903 3306 41.
921 3256 946 3319 2,
959 3253 984 3308 8.
1002 3257 1031 3308 A.
1045 3256 1068 3320 1,
1081 3253 1156 3326 6754
1218 3295 1224 3306 .
1239 3260 1329 3323 pater,
1349 3274 1384 3307 sc.

200 3324 313 3389 iniustus,
333 3326 397 3390 quod
416 3340 446 3374 cr
465 3341 502 3388 eo,
521 3326 584 3390 quod
598 3326 710 3390 sequitur
727 3328 835 3386 r‘na'uatc,
853 3332 962 3390 repetes,
984 3341 1069 3392 nempe
1085 3325 1135 3376 lilio
1154 3325 1265 3390 peccanti
1282 3326 1385 3376 videtur

200 3393 317 3458 iniustus,
336 3393 377 3458 qui
394 3400 489 3443 tanturn
508 3408 610 3444 severus
628 3401 674 3458 cst,
693 3391 724 3444 ci.
744 3393 843 3444 Terent.
863 3391 887 3457 1,
903 3390 928 3456 2,
947 3390 983 3444 30
998 3391 1067 3462 ειμι]
1099 3389 1141 3442 34.
1159 3395 1211 3454 bair,
1230 3408 1311 3457 mane,
1329 3410 1384 3444 cum

198 3462 320 3526 educitur,
339 3469 363 3512 et
380 3462 486 3528 vesperi,
505 3477 558 3511 cum
578 3462 642 3512 redit
661 3477 735 3528 pecus
753 3462 776 3511 in
795 3462 904 3524 stabula,
922 3489 956 3498 —
973 3461 1022 3525 dae,
1040 3477 1064 3511 v.
1080 3458 1175 3530 2³42!
1201 3456 1244 3512 ab.
1262 3462 1292 3512 id
1309 3464 1383 3528 quod,
1469 3502 1470 3507 ,

198 3530 311 3580 crebrum
330 3531 353 3580 in
372 3527 535 3598 parenthesi}
566 3527 609 3580 36.
624 3529 715 3596 pocula
733 3530 791 3592 dno,
808 3536 837 3579 ut
854 3544 893 3580 vs.
910 3526 957 3592 443
976 3536 1002 3579 et
1020 3529 1134 3580 solebant
1148 3531 1220 3597 paria
1238 3531 1383 3596 poculorum
1469 3538 1470 3551 ¹

201 3596 309 3666 baberi!
334 3595 375 3648 37.
394 3599 534 3649 Alcimedon
548 3613 632 3649 nomen
646 3598 747 3648 artificis
759 3598 828 3653 clari.
847 3599 891 3648 sed
910 3605 1039 3664 praeterea
1057 3599 1145 3662 ignoti3
1165 3597 1279 3649 similiter
1295 3606 1384 3664 pastor
1469 3604 1470 3609 ’

197 3681 239 3732 ap.
260 3665 363 3716 Tbeocr.
382 3663 407 3728 ὃ,
425 3665 475 3719 105
497 3673 619 3718 crateram
639 3682 654 3716 a
672 3666 800 3716 Praxitele
824 3667 914 3716 tactam
933 3682 961 3716 se
979 3666 1071 3716 babere
1088 3667 1174 3716 iactat.
1211 3666 1342 3717 Cernimus
1359 3669 1382 3716 ln

197 3747 229 3784 ea
247 3750 275 3783 re
291 3735 332 3784 vel
350 3735 519 3786 credulitatem
539 3736 660 3800 quandam
678 3735 719 3784 vel
743 3734 860 3785 comicam
884 3734 1020 3784 vanitatem
1045 3735 1167 3784 bominum
1190 3735 1213 3784 in
1236 3736 1383 3785 manissime
1469 3746 1470 3799 l

199 3801 298 3852 tortum
316 3803 463 3862 viventium;
482 3819 536 3853 nam
555 3819 585 3854 ne
598 3803 662 3853 lorte
673 3809 787 3868 putemus
799 3817 855 3852 csse
867 3804 911 3852 bas
922 3803 1071 3853 imitationes
1082 3803 1198 3852 nobilium
1211 3803 1381 3863 artificiorum,
1469 3810 1470 3867 ,

197 3876 269 3920 vetat
286 3885 325 3920 vs.
342 3866 400 3940 444
426 3868 468 3923 38.
486 3877 558 3922 torno
577 3887 617 3922 res
636 3871 812 3930 retardantem
830 3872 914 3936 itaque
930 3877 1017 3920 toruus
1036 3872 1081 3920 boc
1098 3871 1152 3921 loco
1170 3871 1186 3920 i.
1197 3886 1220 3936 q.
1233 3871 1330 3922 caelnm
1342 3872 1382 3921 vel
1469 3906 1470 3937 3

198 3937 332 4004 scalprum.
350 3965 383 3976 --
401 3939 425 3987 in
445 3941 571 4006 superiore
588 3942 674 3990 borum
697 3939 839 4004 poculorum
863 3945 936 4004 parte
957 3940 1011 3989 sive
1033 3955 1078 3989 ora
1103 3940 1189 3989 addita
1212 3955 1232 3989 a.
1250 3941 1382 4006 exsculpta

197 4013 255 4058 erat
272 4007 339 4070 vitis,
358 4021 421 4071 quae
437 4008 578 4073 explicabat
596 4023 623 4058 sc
640 4022 716 4073 snpra
735 4008 860 4069 hederam,
877 4023 893 4056 a
910 4022 960 4072 qua
972 4007 1055 4058 diffusi
1066 4008 1180 4075 corymbi
1192 4008 1338 4074 pendebant.
1349 4035 1381 4046 -—
1469 4048 1470 4063 ,

191 4074 279 4141 sacili
295 4079 312 4126 t.
331 4076 405 4124 docta
423 4082 447 4125 et
465 4077 544 4140 perita
562 4090 635 4127 manu
653 4073 783 4145 tractato!
800 4073 842 4127 39.
860 4075 916 4126 laed.
927 4075 1045 4142 pallente,
1064 4076 1189 4126 diversum
1207 4078 1254 4126 boe
1267 4091 1378 4140 gennas
1469 4108 1470 4135 ,

199 4140 293 4211 nigrai
323 4141 359 4194 40
370 4157 407 4208 sq.
427 4143 508 4194 Conon
527 4145 624 4194 Samius
642 4146 725 4194 clarus
745 4141 791 4194 init
809 4145 996 4194 mathematicus
1013 4150 1039 4194 et
1056 4150 1215 4195 astronomus
1231 4145 1307 4194 tertio
1324 4152 1382 4194 ante

199 4212 257 4264 Cbr.
275 4211 382 4261 sacculo.
401 4239 434 4247 -
456 4212 535 4276 alter,
559 4212 679 4263 Eudoxus
697 4211 810 4273 Cnidius,
828 4211 939 4262 Platonis
956 4213 1069 4273 auditor,
1088 4227 1198 4263 summus
1215 4218 1381 4274 astronomus,
1469 4240 1470 4277 3

198 4281 267 4331 euius
280 4279 449 4330 Pbaenomena
468 4281 633 4344 agricolarum
651 4280 738 4330 usibus
756 4296 800 4346 per
817 4279 914 4330 ltaliam
932 4281 1106 4343 inserviebant,
1125 4281 1257 4344 significari
1274 4281 1381 4331 videtur.

198 4344 431 4410 Golurn.9,14,12
449 4350 488 4412 „in
508 4349 553 4398 bac
571 4350 637 4399 ruris
656 4348 784 4414 disciplina
802 4363 891 4414 sepem
904 4348 1002 4398 Eudoxi
1018 4355 1044 4398 et
1055 4347 1161 4399 Macris
1178 4349 1382 4415 antiquamque

197 4416 277 4468 fastos
290 4417 499 4480 astrologorum.“
509 4443 544 4454 -
555 4418 649 4468 radica
661 4423 851 4480 geometrarum,
870 4418 907 4467 bic
920 4417 1064 4479 astronomi,
1081 4417 1154 4480 virga
1166 4422 1213 4479 est,
1228 4431 1278 4482 qua
1288 4417 1381 4482 ligneas
1470 4415 1471 4418 ’
