2942 4975
1241 390 1276 431 11

104 570 132 611 er
145 553 239 626 quinto
254 551 407 611 Volumine
421 552 540 611 maioris
554 550 696 623 editionis,
719 552 797 626 quod
819 553 907 611 etiam
929 555 1084 627 separatim
1099 543 1275 631 venditur*),

103 642 178 711 petet,
200 642 256 709 sut,
280 637 305 695 si
325 642 422 695 utetur
442 636 546 696 idoneo
569 635 834 709 magistrante
857 644 983 712 quaeret.
1012 638 1079 697 Erit
1100 645 1203 712 autem,
1226 642 1275 713 qui

103 740 140 781 mc
153 722 351 796 reprehendat,
374 721 451 795 quod
472 722 534 795 ipse
555 722 585 779 in
607 724 818 781 commentariis
839 740 897 781 non
918 724 1023 797 ubique
1044 726 1190 798 posuerim
1212 742 1275 784 eas·
1353 744 1371 762 ·

104 810 170 881 dem,
197 824 267 881 quas
289 808 319 865 in
341 812 434 881 textu,
461 806 614 865 verborum
641 805 758 867 formas.
802 807 923 867 Factum
945 809 1000 868 hoo
1022 815 1067 869 est
1087 826 1122 868 eo
1144 811 1275 884 consilio,

102 880 134 965 rit,
154 894 177 952 si
198 910 254 967 qua
276 894 363 966 paulo
385 892 568 951 inusitatione
589 892 680 950 videri
702 899 828 967 possent,
851 911 887 953 ea
901 900 1105 954 commutarem
1119 912 1183 954 curn
1198 896 1276 954 tritis

103 985 126 1037 et
144 995 193 1037 usu
213 978 338 1051 receptis
345 976 399 1053 **).

175 1064 235 1122 Neo
265 1064 296 1122 in
324 1062 551 1136 interpungenda
579 1063 709 1122 oratione
743 1080 778 1121 ex
810 1065 887 1122 omni
919 1069 1003 1139 parte
1035 1065 1105 1129 mihi
1134 1064 1273 1136 satisfeci3

20 1152 21 1161 ’
103 1154 203 1223 gratum
217 1149 288 1206 mihi
304 1149 367 1221 erit,
391 1148 416 1206 si
437 1145 604 1207 satisfecero
626 1148 669 1221 iis,
692 1165 812 1221 quorum
833 1150 864 1206 in
884 1166 966 1209 usum
989 1150 1131 1209 adornata
1145 1156 1190 1209 est
1202 1151 1275 1209 haec

20 1244 21 1295 i
103 1235 188 1293 editio.
231 1234 299 1293 Non
321 1232 393 1292 libet
414 1230 693 1307 singula‘persequi;
718 1233 791 1293 illud
811 1234 966 1294 admonere
987 1252 1045 1294 non
1067 1233 1154 1293 inerit
1176 1252 1274 1310 super-

20 1316 22 1405 ᾗ
101 1336 255 1392 vacaneum,
288 1323 401 1377 tantum
427 1335 473 1377 me
500 1319 531 1379 iu
557 1318 612 1377 hac
640 1334 752 1394 qnoque
780 1336 814 1379 re
841 1321 1046 1393 perspicuitati·
1065 1319 1214 1394 tribuisse,
1242 1327 1276 1380 ut

102 1404 243 1477 aliquando
265 1421 325 1462 nou
347 1420 477 1462 curarem
500 1406 697 1463 constantiam.
1082 1461 1086 1470 ,

176 1488 288 1549 Critiois
317 1489 530 1561 quaestionibus
555 1489 626 1549 nihil
653 1490 700 1549 hic
726 1490 784 1549 loci
812 1490 943 1549 relictum
966 1495 1037 1550 erat.
1081 1491 1183 1564 Itaque
1205 1492 1276 1549 satis

102 1574 177 1633 habui
198 1590 424 1633 commemorare
440 1575 578 1647 quasdem
592 1576 762 1649 insigniores
778 1576 939 1647 lectionum,
963 1593 1033 1648 quas
1047 1582 1160 1649 vocant,
1182 1578 1274 1635 varie·

102 1665 173 1731 tates,
195 1676 316 1733 quarum
335 1660 471 1732 rationes,
494 1660 518 1719 si
541 1660 632 1719 visum
655 1659 749 1733 fuerit,
772 1665 822 1719 ant
842 1661 898 1733 ipsi
920 1662 1042 1719 lectores
1064 1662 1172 1735 ingenii
1194 1678 1275 1720 exer-

103 1744 172 1803 cendi
200 1762 287 1804 causa
318 1744 490 1817 disceptent,
520 1750 570 1803 aut
597 1745 781 1819 amagistris
809 1746 1000 1818 sciscitentur,
1031 1751 1081 1805 sut
1107 1748 1138 1804 in
1164 1748 1276 1805 maiore

20 1890 21 1897 ,
102 1830 214 1889 editione
236 1830 384 1903 expositas
406 1830 613 1917 introspiciant.
652 1830 759 1889 Notavi
779 1831 832 1889 has
852 1832 1006 1890 varietates
1027 1830 1139 1891 adiecto
1160 1833 1275 1891 nomine

102 1918 164 1986 Alii,
184 1921 254 1989 putu
277 1918 380 1987 lectum.

175 2002 209 2059 In
229 2002 285 2059 hac
306 2001 396 2074 igitur
417 2000 555 2072 editione,
583 2000 652 2060 VIR
673 2000 1055 2073 EXCELLENTISSIME,
1082 2001 1160 2059 solas
1186 2001 1275 2059 inter·

20 2084 22 2169 J
102 2086 180 2158 protis
200 2092 301 2160 partes
323 2086 518 2159 suscipiendas
540 2084 620 2158 duxi,
650 2087 736 2159 idque
764 2102 864 2144 munus
892 2086 963 2144 mihi
989 2087 1091 2145 videor
1116 2088 1159 2144 ita
1184 2085 1274 2144 admi·
1318 2161 1324 2170 Ι

20 2220 21 2247 ,
103 2171 239 2244 nistrssse,
262 2177 296 2229 ut
317 2172 427 2229 nullam
449 2168 662 2244 difficultatem,
691 2186 764 2244 quae
785 2172 892 2230 multae
914 2176 979 2230 sunt
1001 2177 1031 2231 et
1051 2187 1186 2245 maguae,
1209 2170 1275 2228 sub-

20 2250 22 2277 *
103 2254 265 2331 teriugerim.
310 2257 378 2315 Non
398 2274 491 2330 pauca
504 2256 551 2315 hic
564 2256 676 2314 videbis
691 2256 849 2328 emendata,
872 2272 946 2329 quae
966 2258 997 2314 in
1018 2258 1134 2315 maiore
1150 2256 1276 2314 editione

104 2340 278 2415 deliqueram,
310 2343 460 2415 complura
487 2342 643 2415 explicate,
677 2358 751 2415 quae
778 2342 808 2399 in
834 2341 887 2400 illa
913 2343 1046 2416 neglecta
1072 2347 1162 2399 erant.
1212 2342 1276 2412 Quo

103 2423 196 2512 iactum
224 2432 280 2500 cst,
310 2432 343 2485 ut
369 2428 441 2488 haec
468 2427 557 2485 editio
584 2442 639 2502 pro
661 2426 865 2502 Supplemento
887 2427 1004 2485 maioris
1026 2426 1128 2487 haberi
1148 2425 1276 2500 ipsisque

104 2513 177 2570 etiam
197 2514 345 2588 magistris
366 2515 430 2572 usui
452 2529 513 2572 esse
533 2515 634 2586 possit.

161 2745 189 2814 *)
206 2747 281 2800 Publi
299 2748 396 2811 Vergili
413 2747 525 2798 Maronis
543 2747 658 2800 Carmina
677 2750 709 2799 ad
728 2748 858 2816 pristinam
870 2715 1080 2815 Orthograplriam
1098 2755 1218 2798 revocata
1236 2748 1276 2798 ed.

20 2815 21 2828 ¹
104 2811 138 2863 Ph.
155 2813 275 2879 Wagner.
312 2817 414 2866 Accedit
432 2816 617 2884 Orthogrophiu
636 2817 789 2881 Vergiliana.
825 2815 892 2882 Lips.
912 2813 988 2866 1841.

145 2882 188 2949 **)
206 2885 373 2936 Vehementer
397 2891 480 2936 autem
503 2885 593 2952 probo,
620 2887 683 2950 quod
708 2885 764 2937 Viri
788 2884 943 2946 Doctissimi,
967 2892 1096 2951 postquam
1116 2882 1276 2948 Vergilium,

103 2965 141 3000 uon
156 2953 295 3018 Vir-gilium,
316 2953 417 3004 audisse
434 2954 498 3004 lrunc
515 2961 613 3020 poetam
631 2953 739 3016 ostendi,
761 2953 804 3002 illa
823 2953 925 3002 nominis
944 2954 1018 3004 huius
1034 2952 1116 3002 formu
1133 2953 1171 3003 uti
1188 2967 1274 3016 coepe·

20 3061 21 3070 ,
103 3027 163 3080 rurt3
184 3022 275 3086 ipsein
296 3022 458 3087 haequidern
475 3022 582 3076 editione
598 3023 635 3074 uti
653 3039 699 3072 non
718 3037 772 3072 sum
789 3036 880 3083 amus,
897 3022 1074 3087 circumspecto
1092 3020 1275 3087 prudentissimi
1371 3068 1386 3084 χ

20 3125 22 3156 ,
103 3083 259 3155 Redemptoris
271 3090 364 3142 iudicio
376 3091 518 3141 obsecutus.
546 3089 662 3143 Ceterum
674 3089 798 3157 probabili
813 3089 910 3140 ratione
921 3090 1010 3140 ductus
1023 3090 1082 3140 Chr.
1096 3087 1160 3140 Guil.
1175 3086 1275 3139 Gliielr

20 3165 21 3176 ¹
105 3155 169 3216 tilia
185 3160 225 3208 tei
242 3157 269 3208 C.
282 3158 370 3208 Iulius
386 3157 484 3208 Cacsar
501 3157 713 3210 vcrlrcmmcndcn
732 3158 874 3210 Celtisclrcn
894 3155 1005 3208 Nomen.
1035 3157 1162 3212 Miiuchen.
1183 3153 1275 3209 1857.“

104 3236 150 3287 pag.
167 3223 225 3286 132)
248 3227 352 3276 nominis
374 3225 513 3290 Vergiliani
537 3227 655 3290 originem
678 3227 770 3293 repetit
792 3241 807 3276 a
830 3225 924 3275 Celtico
947 3225 1069 3276 vocabulo
1092 3241 1183 3291 vergo,
1210 3225 1275 3290 qnod

105 3287 234 3345 Germanice
252 3295 345 3344 dicitur
355 3293 394 3346 W
393 3295 447 3359 erle,
465 3295 554 3346 Latine
571 3309 648 3362 cpua3
668 3311 747 3360 quare
757 3293 885 3358 Vergilius
904 3295 984 3345 dietus
1002 3295 1136 3356 videbitur,
1152 3295 1194 3359 qui
1212 3308 1275 3360 opus

20 3359 21 3376 ³
103 3361 209 3427 rusticum
227 3361 296 3414 lacit.
