2942 4975
1211 340 1255 380 ,,

83 501 124 560 'est
143 473 292 573 uirumque,
315 500 495 561 1111111111·
511 506 589 560 certe
611 517 674 559 cum
695 502 731 560 iis
752 503 854 574 noluit,
876 519 912 561 ec
931 520 968 563 ne
990 503 1021 562 id
1036 504 1162 564 voluisse
1175 506 1255 566 ride·

19 594 22 625 ⁸
89 593 162 659 retur,
182 602 214 643 eo
236 586 320 657 cavit,
344 586 510 662 quod-(etsi
525 586 670 659 Orpheum
691 590 721 645 et
740 586 892 646 Musaeum
913 588 990 648 libro
1003 589 1150 649 Aeneidos
1172 597 1253 651 sexto

19 636 25 685 ι
88 672 237 731 cummulto
251 670 407 729 verborum
421 671 531 732 honore
547 671 794 747 commemoravit)
815 673 933 732 illorum
952 690 990 731 ne
1008 675 1125 733 nomina
1139 677 1254 749 quidem

19 714 27 815 l
87 759 111 815 in
134 754 301 815 carminibus
316 757 387 815 suis
415 772 535 829 usquam
563 757 671 829 posuit,
701 757 860 816 Ascmeum
885 776 1003 818 carmen
1023 758 1167 833 Georgica
1192 778 1254 835 sus,

19 874 20 877 =
87 858 162 915 prope
181 841 264 899 nimis
286 841 431 914 modeste,
455 843 604 915 appellare
626 842 831 901 1111111111.
855 846 883 916 2,
908 847 979 905 176.

19 918 21 955 l
157 924 181 1001 §.
207 928 236 987 3.
279 926 424 985 Maximus
451 942 497 985 res
526 928 729 1001 antiquissimis
758 928 936 1001 temporibus
965 935 1113 1003 gesserant
1140 929 1252 1004 Graeci,

28 1057 32 1066 ,
87 1012 227 1072 celebratas
249 1012 315 1069 illes
339 1028 357 1069 a
378 1012 489 1086 mugnis
511 1013 601 1087 epicis
622 1015 723 1085 poetis.
756 1012 838 1072 Idem
858 1015 981 1088 populus
1004 1031 1068 1073 cum
1089 1021 1194 1076 natura
1214 1016 1254 1076 ad

19 1102 21 1111 ’
87 1096 231 1155 discendum
254 1096 504 1172 quaerendumque
525 1103 601 1157 esset
622 1095 723 1171 lactus,
746 1104 858 1157 mature
874 1098 1072 1158 delectabatur
1085 1115 1254 1174 semperque

87 1182 225 1241 delectatus
258 1187 302 1241 est
329 1182 478 1242 didacticis
505 1182 687 1241 carnunibus.
736 1182 807 1241 Cum
835 1189 932 1242 autem
960 1185 1058 1243 dimna
1084 1185 1189 1245 virtute
1218 1203 1255 1245 ac

19 1328 20 1339 ,
86 1266 235 1346 tortitudine
256 1266 420 1325 libertatem
444 1284 525 1327 suam
548 1286 565 1327 a
587 1267 718 1327 barbaris
742 1267 947 1341 defendissent,
979 1270 1084 1329 extulit
1109 1275 1254 1331 1111111-

19 1396 20 1405 ,
88 1331 181 1425 goeris,
201 1369 275 1425 quae
297 1353 379 1425 quasi
400 1354 431 1411 in
451 1355 544 1412 lucem
565 1355 709 1427 vitamque
730 1354 895 1413 restitueret
916 1354 1021 1413 heroas
1035 1356 1110 1426 illos,
1132 1372 1254 1429 quorum

86 1443 200 1509 posteros
226 1454 257 1495 se
285 1453 347 1496 esse
369 1436 474 1497 Graeci
500 1440 560 1497 iam
586 1456 645 1499 uon
672 1440 766 1498 solum
791 1439 887 1498 verbis
914 1438 1060 1512 ferebant,
1087 1440 1138 1499 sed
1165 1442 1254 1501 etiam

86 1521 154 1580 111111
173 1522 340 1595 probarent.
386 1523 443 1583 Sed
462 1522 540 1582 idem
563 1525 708 1583 saeculum
730 1523 871 1600 (quintum
892 1541 919 1583 a.
942 1524 992 1583 (111.
1015 1524 1071 1601 1.),
1102 1525 1179 1597 quod
1206 1543 1254 1585 res

19 1666 21 1691 7
88 1606 246 1667 Graecorum
260 1608 298 1667 ab
314 1610 392 1667 omui
406 1614 491 1681 parte
504 1610 618 1669 viderat
638 1601 863 1682 florentissimas,
885 1610 995 1683 primas
1016 1612 1128 1683 peperit
1152 1627 1254 1671 causas

19 1750 21 1771 ἵ
86 1709 197 1766 magnae,
218 1708 292 1766 quae
317 1695 446 1753 insecuta
460 1700 511 1767 est,
534 1696 736 1754 conversionis.
770 1694 901 1755 Nocebat
915 1697 980 1768 ipsa
994 1680 1132 1755 securitas
1148 1701 1254 1755 tutum·

19 1790 20 1795 ’
86 1794 130 1849 que
149 1780 248 1849 otium;
274 1784 336 1837 tum
361 1785 525 1839 mercatura
548 1779 686 1852 Graecos,
714 1780 846 1853 inprimis
867 1780 1068 1853 Athenienses,
1094 1782 1254 1854 locupleta·

86 1868 163 1934 rerat;
185 1882 220 1923 ex
242 1864 349 1923 divitiis
370 1870 439 1925 uate
461 1865 581 1937 luxuria,
605 1882 621 1923 e
641 1866 755 1923 luxuria
775 1865 891 1923 licentia
909 1872 939 1923 et
954 1867 1253 1939 morumcorruptela,

19 1976 20 2031 3
86 1949 175 2007 eihac
188 1950 304 2008 amissio
318 1948 476 2020 libertatis3
499 1967 534 2009 ea
556 1956 652 2011 antem
675 1949 788 2008 sublata
808 1952 920 2009 exaruit
941 1950 1087 2011 uberrima
1107 1952 1160 2009 illa
1180 1968 1255 2011 vena

19 2074 20 2087 ,
86 2033 188 2107 ingenii,
211 2052 246 2093 ex
268 2051 337 2108 qua,
360 2040 505 2109 tamquam
528 2052 563 2094 ex
584 2035 754 2095 inexhausto
775 2033 869 2108 fonte,
891 2036 1088 2110 profluxerant
1109 2036 1161 2096 illa
1182 2037 1254 2096 diri·

19 2120 20 2123 ’
85 2121 147 2178 nitus
167 2120 281 2193 scripta,
305 2136 379 2193 qnae
401 2120 531 2179 omnibus
553 2122 673 2180 saeculis
696 2121 883 2181 admirationi
903 2120 1026 2179 inerunt.
1056 2122 1101 2179 Eo
1123 2127 1254 2195 tempore

19 2216 21 2245 1
85 2204 154 2278 longe
180 2206 256 2265 inter
285 2206 419 2279 aequales
448 2222 514 2265 suos
543 2208 685 2265 excellens
713 2206 825 2279 prodiit
854 2206 1023 2265 Theocritus
1050 2206 1253 2279 Syracusanus,

19 2286 21 2353 i
84 2291 124 2361 qui
148 2289 244 2349 flormt
273 2292 388 2350 saeculo
416 2291 469 2349 111.
497 2308 523 2349 a.
551 2290 617 2351 Chr.
643 2297 717 2363 nat,
747 2290 863 2349 ultimus
894 2308 910 2350 1
938 2308 1056 2350 numero
1085 2308 1255 2365 magnorum

19 2446 20 2455 ἵ
83 2380 220 2447 poetarum
242 2374 392 2435 Graeciae.
436 2375 465 2435 Is
493 2394 557 2435 eum
584 2382 680 2437 cetera
707 2377 866 2435 carminum
892 2381 1061 2449 argumenta
1085 2394 1103 2434 a
1125 2377 1255 2449 superio·

19 2456 21 2512 ἷ
84 2460 150 2520 ribus
171 2461 265 2534 poetis
288 2466 429 2536 occupata
450 2460 575 2536 rideret,
604 2464 667 2536 ipse
689 2466 786 2520 autem
806 2462 881 2520 ruris
902 2460 1125 2522 amoenitatibus
1147 2478 1182 2522 ac
1202 2478 1256 2536 pa·

82 2548 204 2606 storidae
218 2549 297 2606 vitae
309 2547 485 2608 iucunditate
500 2550 630 2622 inprimis
645 2549 846 2620 delectaretur,
863 2564 979 2606 carmen
991 2548 1147 2620 pastorale,
1169 2552 1256 2607 antea

19 2643 20 2686 1
81 2632 247 2692 inconditum
269 2637 299 2691 11
320 2638 448 2708 agreste,
474 2635 504 2692 iu
525 2636 595 2692 artis
617 2633 742 2695 formam
763 2633 876 2706 redegit
897 2638 983 2706 atque
1004 2633 1046 2692 ita
1067 2631 1202 2705 perfecit,
1224 2637 1256 2691 ut

19 2761 27 2832 1
79 2718 1255 2877 ltl⁹ttl¹¹⁰thtlr⁰fflit⁰stlitem,lieet

164 2847 171 2876 ,
497 2849 504 2878 ,
532 2823 549 2863 v
602 2823 615 2863 s
724 2823 738 2862 s
1246 2845 1254 2862 .

19 2889 21 2914 1
78 2888 216 2948 Theocriti
252 2891 414 2962 exemplum
448 2895 559 2950 secutus
587 2890 726 2963 Virgilius
758 2889 868 2962 primus
895 2889 1092 2949 1111111111
1126 2887 1257 2947 bucolica

19 2931 21 3040 l
78 2973 197 3033 scribere
217 2975 357 3047 instituit,
381 2974 445 3048 sed,
459 2974 462 2982 '
474 2980 504 3032 ut
526 2992 613 3048 supra
635 2976 742 3034 dictum
764 2979 808 3032 est
829 2972 856 3048 ξ.
879 2978 912 3046 2,
934 2990 992 3032 nou
1013 2975 1067 3045 ita,
1089 2975 1173 3032 utin
1194 2990 1256 3032 cer-

19 3063 20 3102 1
77 3065 166 3126 tamen
195 3059 289 3118 1111111
323 3075 388 3118 cum
416 3061 467 3118 illo
495 3061 592 3119 venire
621 3061 651 3118 in
681 3060 807 3118 smmum
835 3060 989 3118 induxerit.
1040 3059 1117 3118 Satis
1147 3057 1257 3130 habuit,

19 3141 21 3174 ³
77 3160 162 3216 psum
184 3161 220 3204 ex
237 3145 392 3206 Theocrito
414 3145 528 3219 integra
548 3146 688 3205 imitando
711 3147 884 3217 exprimere3
906 3143 1031 3204 formam
1053 3145 1144 3217 magis
1166 3160 1255 3216 quan·

19 3185 21 3296 1
77 3230 138 3288 dam
159 3231 296 3289 carminis
317 3231 450 3303 bucolici,
472 3247 557 3303 quam
579 3237 785 3305 argumentum,
808 3230 845 3288 ab
868 3246 903 3289 eo
925 3231 1017 3303 petiit
1047 3230 1190 3301 Pleraque
1204 3245 1257 3286 nec

19 3331 20 3338 ¹
78 3316 241 3374 imitationis
264 3331 363 3389 causa,
391 3332 444 3374 nec
466 3316 541 3389 quod
563 3317 619 3376 hoc
640 3333 728 3390 genus
748 3315 880 3388 inprimis
901 3321 1025 3388 amaret,
1056 3314 1170 3387 scripsit
1192 3314 1257 3372 Vir·

78 3401 169 3473 gilius,
199 3403 305 3472 iussae,
333 3407 365 3460 ut
393 3402 434 3459 eit
461 3401 524 3474 ipse
551 3401 613 3461 Ecl.
638 3403 670 3474 8,
695 3405 733 3462 11
758 3418 814 3474 sq,
841 3401 879 3460 ab
900 3401 1003 3460 Asinio
1030 3400 1175 3470 Pollione,
1205 3397 1258 3456 sed

79 3485 148 3558 quia,
171 3502 237 3544 cum
258 3502 306 3544 res
327 3491 464 3558 moneret,
485 3491 519 3544 ut
539 3503 570 3545 se
592 3501 713 3560 suasque
734 3486 863 3544 rationes
884 3485 1098 3545 commendaret
1119 3489 1170 3542 aut
1191 3499 1258 3556 gra·

79 3573 130 3629 tias
151 3575 252 3645 ageret
273 3572 367 3630 amico
390 3571 475 3630 alicui
495 3574 621 3646 potenti,
650 3572 758 3645 optime
785 3571 840 3630 hoc
865 3571 907 3629 ita
929 3570 993 3629 fieri
1014 3585 1099 3643 posse
1120 3568 1204 3642 vidit,
1233 3569 1257 3626 si

80 3655 147 3729 ipse,
169 3655 331 3716 rusticanus
352 3657 452 3730 homo,
483 3675 539 3730 qua
561 3663 624 3717 erat
646 3657 800 3730 modestia,
823 3662 936 3715 tenuem
958 3656 1083 3729 postoris
1105 3670 1258 3727 personam

145 3875 172 3938 ἢ
192 3875 262 3940 Quae
280 3876 430 3940 scripseram
448 3875 494 3924 hoc
511 3875 565 3924 loco
582 3875 606 3925 in
625 3875 732 3924 secunda
751 3875 869 3936 editione,
893 3875 923 3923 iis
946 3873 1053 3940 prolusit
1079 3873 1257 3938 quodammodo

83 3945 110 3990 A.
127 3944 152 3994 l'.
172 3943 317 3996 Naehins
336 3943 426 4009 0pusc.
445 3943 501 3994 Vol.
517 3943 535 3994 l.
554 3960 577 4010 p.
590 3941 655 3996 162:
674 3943 745 4006 „llas
762 3944 830 3992 vitae
847 3942 997 4009 pastoriciue
1015 3942 1193 4006 descriptiones
1212 3957 1258 3990 non
1331 3963 1337 3973 ·

84 4013 112 4059 ad
136 4014 272 4078 priscorum
297 4013 419 4062 hominum
441 4012 562 4074 ingenium
587 4027 733 4076 sensumque
758 4011 851 4074 lactas,
874 4016 918 4061 sed
944 4025 1006 4061 nevo
1031 4009 1143 4076 proprias
1162 4011 1258 4060 esseio

84 4080 184 4143 peiorem
201 4087 299 4146 partem
316 4092 435 4130 converso
454 4080 604 4145 luxuriaque
621 4078 755 4142 diillueuti,
778 4095 833 4130 cnm
857 4080 966 4130 homiues
988 4092 1063 4144 saepe
1080 4077 1162 4142 aliquo
1181 4077 1259 4127 abun·

84 4149 178 4199 dantiae
202 4149 387 4215 voluptatisque
410 4149 492 4200 taedio
519 4149 585 4214 capti
614 4149 712 4198 aliunde
740 4149 870 4212 imaginem
897 4148 1061 4213 simplicitatis
1092 4161 1212 4195 revocare
1235 4152 1261 4194 et

86 4225 267 4282 repraesentare
292 4217 339 4267 sibi
362 4233 439 4282 eoque
462 4217 566 4266 titillare
588 4232 647 4267 suos
672 4218 764 4266 animos
783 4217 896 4280 student,
919 4223 944 4266 et
966 4217 1008 4265 ulii
1033 4215 1137 4276 dudum,
1155 4215 1260 4262 sirecte
1288 4218 1290 4222 ’

67 4286 188 4348 memini,
212 4291 344 4336 senserunt
365 4292 391 4335 et
413 4301 459 4349 ego
484 4285 518 4335 ita
541 4301 688 4351 persuasum
710 4285 800 4346 habeo,
825 4286 870 4334 vix
887 4291 916 4336 ut
933 4286 1043 4350 potuisse
1060 4289 1117 4332 aute
1134 4281 1261 4331 'Theocriti

83 4354 205 4406 merulam
223 4355 362 4417 excogitari
378 4355 454 4404 talem
473 4355 556 4420 poesin
574 4355 682 4420 putem.“
