2942 4975
204 350 270 417 364
576 346 611 411 P.
633 346 798 411 VIRGILI
820 344 1010 411 MARONIS

206 536 271 601 600
292 536 357 615 Ειι,
379 534 434 617 qui
455 537 567 598 nostra
589 532 650 597 sibi
670 532 757 597 bello
780 532 939 598 connubia
957 531 1108 613 poscunt!

293 620 370 697 Quis
393 620 472 685 deus
494 617 634 694 Italiam,
656 636 739 697 quae
760 636 817 682 vos
839 616 1002 681 dementia
1023 616 1153 697 adegit?

291 706 365 770 Non
386 704 438 768 hic
459 702 606 781 Atridae,
628 720 688 767 nec
709 700 798 767 fandi
819 700 914 767 fictor
934 702 1053 767 Ulixes.

292 790 416 855 Durum
438 788 477 853 ab
501 787 601 869 stirpe
624 806 724 869 genus
746 792 840 852 natos
862 788 903 851 ad
925 785 1056 851 flumina
1077 784 1215 867 primum

291 872 474 940 Delerimus
497 890 655 954 saevoque
678 873 754 953 gelu
776 873 927 937 duramus
950 876 984 935 et
1005 871 1112 949 undis;

206 958 270 1024 605
291 960 420 1024 Venatu
441 958 609 1039 invigilant
630 958 722 1039 pueri
743 958 903 1038 silvasque
924 955 1080 1037 fatigant;

292 1044 440 1110 Flectere
461 1042 556 1107 ludus
579 1060 677 1123 equos
700 1048 735 1106 et
756 1042 878 1124 spicula
898 1042 1033 1107 tendere
1056 1058 1164 1106 comu.

291 1130 337 1193 At
357 1128 483 1211 patiens
506 1145 639 1208 operum
661 1145 824 1209 parvoque
846 1128 981 1192 adsueta
1000 1126 1150 1191 iuventus

293 1216 359 1279 Aut
381 1212 494 1277 rastris
517 1217 637 1277 terram
659 1212 783 1291 domat,
804 1217 861 1277 aut
882 1211 988 1293 quatit
1009 1211 1126 1293 oppida
1146 1208 1242 1275 bello.

293 1298 395 1363 Omne
418 1316 531 1362 aevum
552 1296 638 1361 ferro
661 1298 791 1375 teritur,
813 1315 969 1378 versaque
990 1296 1160 1364 iuvencum

205 1382 270 1447 610
292 1384 399 1465 Terga
419 1381 589 1463 fatigamus
611 1382 717 1461 hasta3
740 1401 800 1447 nec
822 1383 917 1447 tarda
937 1386 1086 1447 senectus

291 1468 447 1533 Debilitet
468 1468 545 1531 viris
568 1467 664 1533 enimi
685 1472 854 1548 mutatque
875 1467 1033 1549 rigorem:

293 1553 449 1617 Canitiem
473 1553 566 1633 galea
586 1552 776 1634 premimus;
798 1570 989 1635 semperque
1011 1550 1152 1616 recentis

292 1638 501 1719 Compertare
523 1637 612 1703 iuvat
633 1638 769 1719 praedas
792 1642 826 1702 et
846 1639 955 1702 vivere
976 1641 1080 1718 rapto.

290 1722 389 1787 Vobis
411 1722 498 1804 picta
520 1739 613 1786 croco
637 1727 671 1786 et
692 1721 831 1803 fulgenti
852 1722 973 1787 murice
994 1721 1107 1800 vestis;

206 1806 269 1871 615
291 1807 441 1872 Desidiae
465 1806 565 1885 cordi3
587 1807 677 1871 iuvat
697 1808 866 1889 indulgere
890 1807 1027 1884 choreis;

290 1893 334 1956 Et
356 1892 484 1956 tunicae
506 1891 647 1957 manicas
671 1896 704 1957 et
725 1892 847 1957 habent
868 1891 1055 1958 redimicula
1076 1889 1201 1953 mitrae.

294 1977 320 2041 0
343 1995 419 2041 vere
441 1976 610 2057 Phrygiae,
633 1995 739 2058 neque
762 1977 847 2041 enim
867 1977 1023 2058 Phryges
1044 1976 1089 2039 ite
1111 1992 1170 2055 per
1192 1974 1261 2040 alta

292 2060 464 2143 Dindyma,
486 2062 540 2127 uhi
562 2062 704 2127 adsuetis
726 2061 861 2127 biforem
884 2063 941 2126 dat
961 2061 1041 2125 tibia
1062 2064 1200 2125 cantum.

291 2147 454 2229 Tympana
476 2164 532 2211 vos
554 2146 720 2228 buxusque
742 2146 1050 2228 vocat-Berecyntia
1070 2144 1185 2209 Matris

206 2230 270 2295 620
290 2232 421 2297 Idaeae:
445 2231 540 2297 sinite
562 2251 651 2297 arma
672 2232 750 2297 viris
773 2236 807 2296 et
830 2232 934 2297 cedite
956 2231 1051 2297 ferro.

291 2316 382 2381 Talia
403 2317 577 2381 iactantem
600 2317 693 2382 dictis
716 2336 754 2382 ac
777 2316 846 2382 dira
869 2321 1038 2381 canentem

288 2400 362 2467 Non
384 2402 459 2465 tulit
480 2402 649 2481 necamus
671 2420 834 2483 nervoque
856 2402 1008 2467 obversus
1031 2400 1147 2481 equino

196 2531 199 2542 ι
290 2487 464 2554 Contendit
486 2489 599 2567 telum,
623 2488 811 2569 diversaque
832 2488 983 2553 bracchia
1005 2488 1124 2552 ducens

291 2572 456 2652 Constitit,
479 2577 554 2638 ante
577 2573 686 2654 loyem
709 2573 843 2655 supplex
865 2591 924 2654 per
945 2577 1021 2638 vota
1042 2575 1207 2654 precatus:

204 2656 267 2722 625
289 2657 436 2738 luppiter
457 2659 672 2738 omnipotena,
695 2658 869 2723 audacibus
891 2659 996 2722 adnue
1019 2657 1150 2738 coeptis.

289 2743 362 2824 Ipse
385 2741 444 2807 tibi
467 2742 508 2806 ad
530 2747 586 2806 tua
608 2743 729 2824 templa
750 2742 852 2807 feram
874 2743 1042 2807 sollemma
1064 2741 1155 2819 dona,

205 2998 236 3046 ab
256 2997 368 3046 Hercule.
388 3023 419 3032 -
443 2996 491 3045 Alii
509 2995 592 3046 Marii
604 2998 705 3067 praed}
740 2993 799 3048 600.
817 2997 866 3059 lin,
890 2998 931 3062 qui
955 2997 1081 3047 nobiscum
1103 2994 1203 3062 (italis)
1222 2997 1344 3046 coenubio
1362 3012 1387 3046 se

203 3067 304 3127 iungere
323 3070 434 3129 poscunt,
451 3065 534 3129 idque,
552 3065 573 3114 si
591 3065 637 3114 diis
655 3064 743 3130 placet,
762 3065 826 3115 bello
845 3067 960 3131 poscunt!
989 3065 1107 3131 Spectant
1124 3067 1184 3115 haec
1203 3065 1236 3114 ad
1248 3065 1387 3127 Lavinium,

204 3148 278 3198 quarn
297 3131 381 3182 Turno
400 3139 510 3198 ereptum
527 3133 580 3182 ibat
596 3132 715 3194 Aeneas!
751 3132 809 3183 602.
821 3134 909 3198 sandi
918 3135 956 3199 f,
974 3131 1128 3188 ἐπίκλοπος
1146 3123 1253 3200 μύθων
1271 3133 1342 3182 Ηοιιι.
1360 3133 1387 3182 ll

203 3200 245 3264 22,
270 3196 344 3252 2811
385 3195 436 3250 603
454 3217 506 3266 sqq.
531 3200 566 3250 En
590 3202 719 3264 imaginem
744 3203 919 3252 severissimae
943 3203 1085 3268 disciplinae
1109 3202 1226 3267 vitaeque
1250 3203 1387 3267 priscorum

201 3269 334 3322 Italorum!
351 3275 377 3320 et
394 3269 426 3318 cl.
445 3267 474 3319 G.
492 3267 517 3331 2,
536 3265 585 3318 167
605 3286 657 3334 sqq.
669 3298 703 3320 τ
714 3286 802 3335 genus
819 3271 861 3334 qui
879 3270 976 3320 Casus?
989 3297 1022 3305 -
1037 3273 1153 3336 primurn
1170 3271 1193 3319 in
1213 3270 1309 3332 liberis,
1327 3285 1387 3334 quos

202 3337 357 3404 suscipimus,
377 3338 422 3388 hoc
439 3337 566 3403 primum
587 3337 696 3398 facimus,
714 3345 744 3387 nt
760 3354 803 3388 eos
821 3339 853 3388 ed
871 3339 970 3388 flumina
989 3336 1152 3404 deferamus}
1186 3335 1245 3390 605.
1270 3338 1298 3388 V
1297 3355 1344 3402 en,
1361 3353 1385 3386 r.

201 3405 230 3458 E.
249 3405 274 3468 5,
291 3403 333 3457 29.
352 3406 470 3470 -sut.,
495 3421 519 3454 v.
543 3401 567 3465 8,
586 3403 620 3455 94
636 3414 661 3455 et
679 3405 710 3456 cf.
730 3405 836 3456 Theocr.
856 3403 895 3467 13,
914 3403 973 3474 661
1009 3403 1067 3457 606.
1092 3409 1154 3472 spic.
1179 3407 1264 3468 tend„
1287 3407 1386 3472 proprie

201 3476 311 3526 tenditur
329 3490 430 3538 nervus,
449 3475 519 3524 llom.
533 3473 579 3522 oo.
593 3471 636 3536 21,
647 3473 698 3524 419
714 3470 813 3534 ,ἕλκεν
826 3467 929 3541 νευρὴν
946 3472 1120 3540 γλυφίδας
1139 3477 1196 3531 τε,“
1215 3475 1280 3524 idem
1300 3475 1387 3524 distin-

202 3545 266 3594 ctius
291 3542 320 3594 ll.
343 3539 370 3606 4,
395 3539 444 3592 122
467 3539 547 3601 ,ἕλκε
572 3536 596 3591 δ’
624 3536 699 3608 ὁμοῦ
722 3541 865 3607 γλυφίδας
891 3557 920 3591 τε
947 3535 1059 3606 λαβὼν
1085 3544 1132 3592 καὶ
1155 3539 1241 3609 νεῦρα
1268 3535 1389 3610 βόειαἽ

202 3608 253 3661 609
272 3627 308 3662 s.
328 3626 404 3662 uersa
422 3611 509 3672 hasta,
528 3607 693 3676 σαυρωτῆρι,
713 3628 742 3660 cn
761 3611 896 3661 utebantur·
914 3626 958 3675 pro
977 3611 1085 3674 stimulo,
1103 3605 1301 3692 1111167461
1328 3609 1386 3662 610.

202 3693 227 3728 v.
241 3676 271 3728 G.
283 3626 308 3737 6,
320 3675 394 3730 4561
425 3676 521 3742 612311.
539 3677 615 3741 lunge
627 3693 728 3744 semper·
740 3679 835 3744 ierac}
864 3676 923 3728 615.
942 3679 1074 3740 Besidiae,
1086 3678 1202 3740 Pluralis,
1220 3686 1249 3729 ut
1266 3680 1389 3729 ducos

202 3745 289 3807 diae,
307 3749 462 3796 iresanioe
479 3747 606 3810 multaque
623 3747 696 3806 allai
732 3743 791 3797 616.
809 3750 918 3810 ποιοῖο,
937 3746 968 3796 cf.
987 3747 1037 3796 Cic.
1055 3748 1079 3796 in
1099 3748 1153 3798 Cet
1172 3745 1257 3810 2,10.
1276 3775 1312 3784 -
1330 3749 1388 3798 lad.

202 3813 267 3876 recl,
285 3819 313 3863 ut
330 3815 468 3865 calanticae
487 3813 640 3877 feminarum,
657 3814 751 3880 opinor.
769 3843 803 3850 —
819 3817 925 3878 mitrae,
944 3831 969 3865 v.
986 3812 1012 3877 4,
1029 3813 1104 3878 2161
1140 3813 1198 3867 617.
1217 3815 1247 3864 cl.
1266 3815 1338 3865 llom.
1358 3815 1387 3865 ll.

202 3877 228 3943 2,
245 3877 304 3930 235.
323 3881 349 3943 7,
366 3879 421 3942 961
454 3878 513 3932 618.
533 3873 566 3930 τὰ
585 3881 721 3949 Δινδυμα
739 3875 798 3949 ὅρη»
814 3883 968 3950 Dindymus,
986 3900 1055 3934 mons
1073 3884 1259 3950 61115116-
1278 3886 1387 3934 tibine

202 3949 325 4012 bifores
344 3949 460 4011 (dextrae
477 3951 644 4015 sinistraeque
661 3966 811 4001 communem
829 3952 970 4002 habentium
988 3951 1140 4016 γλωττίδα)
1160 3970 1174 4002 e
1197 3954 1282 4002 buxo
1306 3952 1386 4002 iactae

202 4023 228 4066 et
252 4020 479 4081 tympanorum
501 4018 594 4068 multus
615 4034 677 4070 usus
701 4020 725 4068 in
749 4020 829 4069 sacris
852 4018 982 4086 Cybeles!
1016 4017 1075 4071 619.
1100 4023 1201 4082 Borea,
1226 4036 1250 4069 v.
1269 4019 1295 4082 6,
1315 4017 1386 4086 7854

201 4081 261 4136 620.
281 4083 332 4134 ced.
350 4084 384 4147 fi,
403 4083 521 4135 discedite
539 4100 554 4135 u
572 4085 639 4136 ferro
657 4103 677 4136 a.
696 4087 784 4155 bellai
820 4083 879 4138 621.
898 4092 969 4150 ioci„
986 4105 1011 4137 v.
1030 4089 1054 4150 1,
1073 4087 1130 4140 102.
1142 4089 1248 4138 -dira
1266 4105 1298 4149 c.,
1316 4104 1385 4138 aecr-

201 4152 303 4204 bissime
322 4151 432 4200 convicia
450 4152 623 4214 effundentem
642 4169 735 4204 canere
752 4157 778 4205 id
796 4156 861 4218 quod
884 4155 984 4220 loqui,
1007 4153 1051 4206 s'ed
1073 4159 1125 4220 ite,
1147 4164 1175 4207 ut
1197 4172 1244 4205 non
1268 4158 1386 4220 vulgaria

201 4221 321 4286 loqueris,
338 4221 381 4270 sed
399 4220 628 4285 magnumneque,
645 4223 820 4286 ntAeneesd,
833 4221 866 4273 14
883 4239 964 4288 „qnae
982 4225 1047 4274 belle
1066 4227 1190 4276 exhauste
1208 4227 1385 4286 canedat;“

201 4297 246 4340 ent
262 4290 376 4351 invisum,
395 4294 424 4338 nt
437 4289 459 4338 h.
472 4288 489 4338 l.
502 4295 527 4338 et
538 4287 578 4350 11,
587 4286 638 4339 399
657 4291 748 4354 „capiti
767 4307 848 4342 cane
865 4293 926 4342 talia
945 4293 1044 4342 demens
1063 4294 1255 4343 Dardanio.“-
1267 4294 1385 4344 Ceterum

200 4371 225 4408 v.
244 4356 274 4408 G.
294 4355 319 4422 1,
335 4353 411 4424 4791
446 4351 504 4409 623.
523 4357 573 4409 div.
593 4359 631 4408 br.
651 4359 684 4419 d,
707 4351 889 4427 ἀμφοτέρῃσι
907 4357 1098 4426 διασχόμενος
1116 4349 1286 4429 παλάμῃσιν
1304 4362 1385 4428 Apoll
