2942 4975
287 277 292 288 ’
351 313 354 326 ’
461 285 675 380 Annnmos
698 315 778 380 um.
801 317 838 382 v.

152 503 308 584 Epytiden
329 505 436 580 vocat,
459 505 493 566 et
514 499 610 566 fidam
632 501 677 566 515
699 502 786 567 fatur
807 503 848 568 ad
870 523 991 569 aurem:
1014 496 1017 508 '

152 589 237 654 Vade
259 605 331 669 age,
355 591 389 650 et
411 587 560 666 Ascanio,
583 587 610 652 si
631 587 694 651 iam
715 588 840 669 puerile
860 593 1010 672 paratum

153 675 272 754 Agmen
293 671 392 737 babet
413 689 521 736 seeum
545 689 718 753 cursusque
739 673 891 740 instruxit
913 693 1076 757 equorum,

84 758 136 825 550
152 759 253 824 Ducat
275 776 334 822 avo
357 762 493 836 turmas,
516 761 550 821 et
571 775 642 823 5555
664 759 814 826 55555155
835 760 869 824 15
891 760 996 839 armis,
1010 792 1026 822 ι

152 844 220 922 Dio,
243 843 296 908 ait
339 843 413 924 Ipse
436 861 563 907 omnem
584 843 681 924 longo
704 843 861 909 decedere
883 845 967 910 circo

153 927 291 994 Infusum
312 928 478 1010 populum,
501 933 535 993 et
557 947 684 1010 campos
705 928 796 993 iubet
819 930 888 994 5555
909 929 1059 1012 patentis

152 1014 305 1079 Incedunt
326 1013 433 1095 pueri,
455 1014 639 1095 pariterque
662 1018 738 1078 ante
761 1033 818 1079 ora
837 1020 1008 1095 parentum

152 1099 294 1180 Frenatis
316 1099 427 1163 lucent
448 1099 480 1164 in
504 1098 607 1180 equis,
629 1117 708 1179 quos
731 1100 832 1164 omnis
854 1100 960 1165 euntis

85 1181 135 1248 555
154 1184 333 1250 Trinacriae
354 1184 470 1250 mirata
491 1182 600 1248 fremit
622 1184 801 1265 Troiaeque
821 1184 978 1250 iuventus.

52 1277 60 1290 '
154 1269 302 1334 Omnibus
324 1270 357 1333 in
380 1287 502 1333 morem
524 1274 618 1334 tonsa
640 1288 730 1334 coma
750 1288 862 1350 pressa
883 1289 1014 1350 corona3

154 1355 273 1420 Cornea
294 1355 370 1419 5155
391 1354 501 1420 ferunt
521 1352 662 1436 praefixa
682 1355 812 1419 hastilia
832 1353 928 1435 ferro,

152 1441 225 1505 Pars
246 1440 328 1504 levis
349 1440 482 1505 humero
505 1439 685 1522 pharetras;
708 1439 733 1503 it
756 1444 888 1523 pectore
911 1459 1033 1506 summo

152 1525 278 1590 Flexilis
301 1524 422 1590 obtorti
443 1544 501 1608 per
524 1525 641 1589 collum
664 1525 800 1589 circulus
823 1526 901 1590 auri.

85 1608 136 1672 500
155 1611 227 1676 Tres
251 1611 395 1692 equitum
417 1628 549 1674 numero
572 1614 709 1689 turmae,
732 1610 880 1691 ternique
902 1616 1061 1693 vagantur

140 1696 319 1775 .Ductores;
341 1695 432 1777 pueri
454 1696 502 1760 bis
525 1696 595 1766 seni
616 1713 776 1776 quemque
798 1696 901 1760 secuti

153 1781 283 1862 Agmine
305 1780 424 1863 partito
447 1780 573 1863 fulgent
594 1781 788 1863 paribusque
811 1781 978 1862 magistris.

152 1867 219 1931 Una
240 1867 326 1931 acies
347 1867 511 1946 iuvenum,
535 1867 623 1931 ducit
644 1884 740 1946 quam
761 1885 878 1948 parvus
900 1869 1071 1931 ovantem'

152 1951 272 2016 Nomen
296 1951 346 2016 avi
367 1949 511 2016 referens
533 1951 690 2030 Priamus,
713 1957 771 2017 tua
793 1952 891 2030 clara,
912 1951 1027 2030 Polite,

84 2033 134 2100 565
150 2035 333 2118 Progenies,
356 2041 490 2101 auctura
511 2036 623 2116 Italos3
646 2055 742 2117 quem
765 2037 918 2102 Thracius
940 2037 1020 2101 albis

151 2121 259 2187 Portet
283 2141 383 2205 equus
405 2121 527 2187 bicolor
549 2121 694 2200 maculis,
716 2121 853 2202 vestigia
873 2121 967 2203 primi

151 2206 227 2272 Alba
246 2208 341 2290 pedis
362 2206 565 2288 frontemque
588 2211 754 2271 ostentans
776 2207 894 2271 arduus
916 2207 1030 2271 albam.

152 2293 239 2356 Alter
261 2294 356 2374 AtyS,
379 2311 480 2374 genus
502 2293 588 2357 unde
608 2293 676 2357 Atii
698 2293 817 2356 duxere
838 2292 954 2370 Latini,

151 2377 268 2442 Parvus
291 2379 385 2460 Atys,
406 2396 571 2459 pueroque
592 2396 672 2459 puer
694 2377 830 2443 dilectus
851 2377 931 2442 Iulo.

84 2457 134 2555 510
151 2463 317 2529 Extremus
339 2463 506 2545 formaque
528 2467 603 2529 ante
626 2462 728 2528 omnis
750 2461 884 2544 pulcher
905 2462 994 2528 Iulus

153 2548 277 2615 Sidonio
302 2555 352 2613 est
372 2550 518 2615 invectus
542 2568 637 2630 equo,
661 2567 756 2630 quem
779 2548 914 2613 candida
934 2548 1018 2613 Dido

151 2634 225 2699 Esse
247 2634 299 2699 sui
321 2635 456 2700 dederat
478 2639 719 2699 monumentum
743 2639 777 2699 et
797 2634 912 2716 pignus
934 2633 1059 2699 amoris.

153 2718 264 2785 Cetera
287 2720 458 2786 Trinacriis
480 2719 581 2803 pubes
603 2720 738 2785 senioris
759 2721 897 2785 Acestae

150 2803 262 2870 Fertur
285 2806 382 2887 equis.
420 2878 422 2883 ,

82 2884 133 2953 515
150 2890 319 2973 Excipiunt
339 2892 454 2973 plausu
476 2890 619 2971 pavidos,
642 2890 846 2972 gaudentque
869 2894 999 2955 tuentes

151 2976 363 3056 Dardanidae,
385 2981 595 3057 veterumque
619 2975 820 3057 adgnoscunt
841 2994 898 3041 ora
919 2979 1103 3057 parentum,

151 3060 322 3144 Postquam
345 3080 470 3126 omnem
492 3062 570 3127 laeti
593 3078 776 3126 consessum
798 3061 972 3142 oculosque
995 3078 1124 3125 snorum

151 3146 341 3213 Lustravere
362 3148 396 3212 in
419 3146 522 3227 equis,
545 3148 670 3228 signum
693 3147 832 3213 clamore
854 3146 974 3228 paratis

84 3378 270 3451 0555156555.
284 3382 371 3451 543.)
389 3385 521 3450 multisque
538 3384 757 3452 imperatoribus!
783 3371 842 3437 541.
862 3384 943 3452 Epyt,
961 3383 1155 3454 Periphantem.{
1181 3379 1241 3433 550.

85 3453 161 3513 55515
178 3454 293 3504 bonorem
312 3454 447 3517 55551555,
465 3448 531 3519 avil
565 3450 624 3503 553.
640 3456 756 3520 pariter,
780 3455 836 3521 pari
859 3460 949 3504 ornatu
972 3454 1124 3519 paribusque
1141 3448 1243 3520 555151

83 3512 129 3569 500.
144 3525 169 3573 in
184 3538 295 3588 5555555,
314 3538 345 3572 er
363 3537 440 3585 more,
459 3526 543 3587 tonsa,
560 3538 586 3571 v.
605 3520 634 3571 G.
653 3520 677 3586 3,
696 3518 739 3571 21.
773 3522 811 3572 Eu
833 3538 924 3572 corona
942 3522 1056 3587 impositu
1073 3526 1129 3570 erat
1146 3521 1241 3583 galeae,

84 3584 107 3634 tf.
122 3584 141 3651 7,
157 3586 220 3654 751,
242 3608 290 3641 555
311 3591 358 3658 ipsi
380 3604 500 3653 comae,
525 3604 588 3655 quae
610 3591 645 3641 ita
672 3591 763 3641 dicitnr
785 3591 901 3657 premi,
925 3596 954 3639 ut
976 3589 1053 3638 55515
1070 3604 1112 3639 555
1129 3589 1242 3641 rubiana

83 3653 152 3720 5551,
171 3660 217 3710 etsi
233 3660 300 3709 inter
317 3666 448 3725 utramque
466 3659 559 3724 aliquid
585 3652 654 3721 (5.1.
674 3658 759 3724 galea)
781 3660 880 3711 intersit
901 3653 1030 3722 medinm}
1064 3652 1123 3708 559.
1142 3659 1243 3723 obtorti,

85 3724 211 3789 στρεπτοῦ.
247 3728 406 3791 significatur
428 3734 537 3793 torques,
556 3728 636 3777 dictus
659 3728 691 3777 ab
715 3742 778 3777 auro
800 3727 824 3777 in
847 3727 950 3778 5555155
973 3726 1037 3776 inter
1059 3741 1087 3775 55
1102 3726 1243 3792 implicatos

85 3798 197 3863 mumma}
235 3792 294 3848 562.
313 3799 422 3861 agmine
436 3798 535 3861 partito
558 3796 594 3845 515
617 3802 692 3860 puta,
714 3802 743 3845 nt
766 3795 855 3859 singoli
873 3796 995 3859 'cuiusque
1018 3794 1121 3857 agminis
1144 3794 1243 3845 ordines

85 3873 109 3907 ax
124 3861 179 3913 51515
202 3864 287 3931 pueris
309 3865 473 3915 constiterint.
495 3892 529 3900 -
546 3867 696 3929 magatro,
715 3863 746 3913 of.
764 3879 802 3913 vs.
821 3860 873 3913 548
889 3870 915 3913 et
932 3860 991 3914 669.
1003 3890 1038 3899 -
1052 3865 1161 3929 paribus
1178 3864 1244 3915 inter

84 3928 853 4069 11515555.11515155115155ῑ.
874 3931 934 4065 ⁶55?
936 3931 1244 4067 1515515155

84 4058 176 4117 futurum
192 4076 248 4119 erut
272 4076 300 4119 ut
323 4086 400 4133 genus
423 4084 495 4120 5555
517 4039 541 4119 15
560 4068 633 4119 ltalia
651 4076 810 4135 propagaret.
846 4038 924 4118 llnins
942 4076 1039 4136 putrem
1056 4068 1202 4119 Politorium
1217 4069 1244 4117 in

84 4128 143 4207 lartio
164 4137 300 4189 condidisse
318 4137 380 4188 Cato
405 4139 429 4188 15
452 4138 538 4201 Origg.
561 4138 678 4200 tradidit3
704 4144 791 4187 contra
812 4136 932 4200 Virgilius
956 4136 981 4200 2,
1000 4133 1051 4187 526
1069 4153 1122 4202 sqq.
1146 4136 1244 4187 Politen

84 4212 102 4246 5
118 4203 203 4255 excidio
214 4205 305 4256 Troiae
317 4208 423 4257 5551555
442 4206 540 4268 scribit3
559 4220 637 4270 quare
654 4208 715 4257 baec
731 4206 833 4255 videtur
849 4220 905 4256 esse
922 4221 990 4255 mens
1008 4212 1108 4271 poetae:
1129 4221 1143 4254 o
1161 4205 1243 4270 pidum

32 4314 33 4319 ,
84 4265 133 4318 illuri
145 4286 159 4320 5
169 4268 217 4323 tilio
229 4273 325 4325 Politae
342 4276 465 4325 conditum
483 4289 538 4325 esse
555 4281 580 4323 et
597 4276 693 4339 paterni
711 4275 810 4325 honoris
828 4290 906 4325 55555
922 4275 958 4324 ita
976 4222 1160 4340 appellatum?
1183 4267 1242 4323 569.

83 4348 191 4407 018101).
208 4342 251 4393 dil.
269 4343 305 4393 Ι..·
329 4342 414 4393 datum
436 4344 482 4393 boc
506 4343 592 4393 honori
613 4344 694 4406 gentis
709 4343 795 4407 Atiae,
820 4344 883 4393 unde
906 4349 1018 4393 materna
1040 4342 1111 4405 origo
1128 4340 1244 4404 Auwfi,
