2942 4975
212 325 278 390 412
585 323 620 387 Ρ.
641 320 807 386 VIRGILI
829 321 1019 412 quoms

297 509 442 576 Aurunci
462 508 638 589 Rutulique
660 512 774 572 serunt
795 511 829 572 et
849 525 979 572 vomere
1001 507 1097 589 duros

297 596 459 660 Exercent
481 593 585 672 collis,
607 597 705 674 atque
726 592 840 656 horum
862 591 1039 673 asperrima
1059 597 1204 674 pascunt.

213 680 279 745 320
299 679 388 744 Η555
409 679 513 743 omnis
533 677 624 760 regio
647 681 681 742 et
703 677 781 742 celsi
802 679 897 760 plaga
917 677 1013 758 pinea
1034 677 1151 743 montis

300 764 402 830 Cedat
423 763 582 828 amicitiae
605 763 815 842 Teucrorum;
839 767 873 826 et
894 761 1034 827 foederis
1057 781 1174 844 aequas

298 849 451 914 Dicamus
472 849 574 930 leges,
597 847 764 928 sociosque
785 847 820 912 in
841 865 942 928 regna
962 864 1124 927 vocemus;

299 933 488 1012 Considunt,
511 933 538 997 si
559 937 668 998 tantus
690 939 792 1011 amor,
817 936 850 997 et
871 933 998 997 moenia
1020 933 1167 998 condant

299 1018 356 1084 Sin
378 1019 459 1084 alios
480 1017 552 1082 finis
565 1017 731 1098 *aliamque
755 1034 922 1098 capessere
945 1021 1074 1097 gentem

212 1104 277 1170 325
298 1105 360 1169 Est
381 1103 518 1180 animus,
540 1107 740 1183 possuntque
762 1103 831 1166 solo
854 1102 1011 1166 decedere
1033 1106 1160 1168 nostro:

298 1189 355 1253 Bis
377 1189 477 1254 denas
497 1188 580 1253 Italo
603 1191 749 1252 texamus
771 1187 886 1251 robore
908 1187 1008 1265 navis,

300 1273 365 1338 Seu
386 1273 488 1354 pluris
510 1272 661 1354 conplere
682 1272 807 1350 valent;
829 1272 915 1337 iacet
936 1271 1038 1337 omnis
1061 1273 1101 1350 ad
1123 1273 1242 1338 undam

300 1357 468 1436 Materies3
489 1357 552 1439 ipsi
573 1375 805 1438 numerumque
827 1357 1019 1437 modumque
1042 1357 1157 1422 carinis

300 1443 518 1524 Praecipiunt,
540 1460 599 1508 nos
622 1461 711 1520 aera,
734 1459 859 1520 manus,
881 1441 1008 1506 navalia
1030 1443 1150 1506 demus.
1189 1456 1193 1462 ·

214 1527 280 1593 330
300 1529 487 1605 Praetereo,
510 1529 565 1609 qui
587 1528 673 1593 dicta
694 1526 802 1592 ierant
824 1531 858 1591 ct
879 1525 1011 1614 foedera
1032 1526 1169 1608 firment,

303 1613 440 1689 Centum
461 1617 608 1678 oratores
629 1612 732 1694 prima
755 1612 794 1676 de
817 1615 914 1693 gente
936 1611 1068 1677 Latinos

302 1699 354 1763 Ire
376 1698 484 1779 placet
504 1698 656 1778 pacisque
677 1716 774 1762 manu
795 1698 1009 1778 praetendere
1031 1714 1146 1776 ramea,

301 1782 438 1847 Munera
458 1782 617 1863 portantis
639 1783 773 1863 aurique
797 1783 965 1862 eborisque
987 1782 1111 1847 talenta
1189 1841 1191 1844 .

301 1867 346 1930 Et
367 1867 480 1932 sellam
501 1867 593 1948 regni
615 1867 823 1948 trabeamque
844 1867 983 1948 insignia
1004 1867 1116 1932 nostri.
1147 1897 1151 1902 ·

217 1952 284 2029 335
304 1951 470 2016 Consulite
489 1951 524 2014 in
546 1951 686 2016 medium
709 1957 743 2016 et
764 1952 861 2017 rebus
883 1951 1059 2017 succurrite
1081 1951 1182 2017 fessis.

387 2037 467 2101 Tum
490 2036 648 2113 11555555,
668 2037 755 2101 idem
775 2036 933 2116 infensus,
956 2055 1051 2118 quem
1073 2036 1175 2117 gloria
1197 2036 1300 2100 Turni

304 2121 443 2202 Obliqua
463 2121 582 2186 invidia
604 2121 806 2202 stimulisque
828 2121 973 2203 agitabat
994 2123 1119 2202 amaris,

259 2255 262 2258 -
302 2206 426 2288 Largus
450 2224 557 2287 opum,
581 2211 615 2271 et
634 2207 746 2288 lingna
767 2207 893 2284 melior,
916 2208 973 2272 sed
995 2207 1111 2288 frigida
1132 2206 1219 2271 bello

301 2292 456 2370 Dextera,
480 2291 620 2356 consiliis
641 2291 770 2356 habitus
793 2309 857 2356 non
880 2290 981 2357 futilis
1003 2297 1123 2371 auctor,

216 2375 283 2441 340
303 2376 468 2441 Seditione
488 2380 619 2458 potens3
641 2394 743 2458 genus
764 2376 838 2441 huic
859 2380 1007 2442 materna
1029 2377 1201 2458 superbum

302 2461 461 2527 Nobilitas
484 2461 594 2541 dabat,
615 2461 775 2527 incertum
798 2463 838 2527 de
860 2466 953 2544 patre
975 2461 1113 2542 ferebat;

304 2547 414 2629 Surgit
436 2545 541 2612 ethis
563 2552 678 2612 onerat
699 2547 793 2613 dictis
816 2552 913 2629 atque
935 2552 1068 2629 aggerat
1090 2549 1166 2611 iras:

302 2633 384 2697 Rem
405 2632 486 2697 nulli
507 2632 675 2697 obscuram
697 2637 828 2697 nostrae
850 2652 911 2697 nec
931 2633 1019 2698 uocis
1045 2636 1193 2714 egentem

304 2717 464 2796 Consulis,
486 2735 505 2781 o
528 2717 613 2782 bone
634 2736 705 2800 rex;
729 2718 836 2783 cuncti
859 2736 893 2783 se
916 2718 998 2782 scire
1021 2716 1172 2797 fatentur,

218 2802 282 2867 345
305 2802 388 2879 Quid
409 2802 540 2867 fortuna
561 2801 646 2867 ferat
667 2803 789 2885 populi3
813 2804 870 2868 sed
893 2802 1000 2867 dicere
1023 2806 1174 2868 mussant.

303 2887 368 2951 Det
389 2888 574 2951 libertatem
594 2886 697 2966 fandi,
718 2887 878 2969 flatusque
899 2888 1053 2967 remittat,

308 2971 404 3037 Cuius
426 2972 468 3036 ob
490 2972 667 3053 auspicium
688 2973 863 3042 infaustum
885 2991 1055 3055 moresque
1077 2972 1224 3037 sinistros
1246 3008 1291 3018 -

217 3107 298 3158 usd‘
316 3107 420 3172 (5551155
438 3108 481 3156 alii
499 3109 569 3158 codd.
588 3108 654 3171 „duo
672 3109 750 3158 millia
768 3108 968 3174 septingenta.“).
985 3137 1019 3145 —
1036 3108 1131 3171 Sioua,
1149 3123 1174 3157 v.
1192 3104 1218 3170 8,
1237 3103 1312 3169 3281
1341 3103 1397 3160 318.

217 3179 285 3227 Aur.
297 3175 361 3226 lior.
374 3192 406 3238 5.,
423 3176 523 3226 videtur
540 3191 600 3239 ager
618 3178 650 3225 ab
664 3176 701 3225 bis
719 3177 854 3227 conductus
872 3178 1014 3240 significari,
1032 3176 1063 3227 51.
1076 3174 1118 3240 12,
1130 3174 1204 3239 5201
1240 3173 1301 3226 321.
1319 3192 1399 3242 aequ,

218 3252 247 3295 ut
265 3245 363 3309 aequali
380 3243 435 3295 iure
453 3244 579 3295 nobiscum
596 3251 709 3307 utantur,
727 3245 758 3294 51.
775 3244 799 3305 7,
811 3242 862 3296 256
875 3243 925 3312 sq}
960 3244 1018 3296 324.
1038 3252 1130 3295 terrum
1144 3245 1208 3295 alius
1221 3246 1303 3309 gentis
1316 3258 1399 3310 capes-

217 3307 298 3382 55551
331 3309 390 3363 325.
406 3318 528 3378 poseant,
546 3312 567 3361 si
586 3312 799 3376 1155155515151
835 3310 894 3363 328.
913 3314 1025 3377 modum,
1044 3305 1074 3362 τὸ
1088 3312 1204 3379 μέτρον,
1218 3328 1292 3379 quam
1306 3311 1399 3376 longas,

217 3382 292 3445 altas,
310 3380 407 3446 amplas
423 3395 479 3431 5555
496 3380 597 3436 veliutl
631 3377 690 3429 329.
709 3396 813 3442 manua,
832 3396 929 3447 operas.
942 3408 976 3419 -
988 3382 1104 3442 naualia,
1119 3381 1205 3445 picem,
1218 3396 1311 3443 raram,
1324 3380 1398 3443 15555,

216 3450 283 3513 uela,
302 3450 339 3500 ait
355 3445 480 3515 Servius!
515 3445 575 3499 33].
589 3464 631 3515 pr.
649 3448 673 3498 d.
690 3464 728 3513 g,
747 3464 837 3511 genere
855 3448 1043 3518 nobilissimos!
1078 3446 1137 3499 332.
1157 3464 1181 3499 v.
1195 3447 1218 3513 7,
1232 3446 1308 3516 1541
1343 3446 1399 3500 333.

217 3517 320 3570 talenta
338 3518 370 3567 dc
386 3518 495 3583 pondero
517 3518 541 3565 11.
564 3516 581 3566 1.
606 3516 733 3582 accipies!
774 3514 834 3567 334.
857 3517 912 3568 5511.
930 3533 966 3581 5.,
991 3519 1077 3569 sellam
1102 3518 1226 3579 curulem3
1251 3518 1318 3567 iuter
1338 3519 1400 3567 dona

217 3585 364 3636 Masinissae
380 3586 434 3648 regi
452 3600 468 3633 a
486 3592 575 3635 senatu
593 3584 702 3635 Romano
727 3586 804 3635 missa
828 3584 874 3636 luit
894 3592 973 3649 „toga
990 3592 1122 3651 praetexta
1140 3601 1195 3635 cum
1219 3586 1301 3636 curuli
1324 3586 1400 3636 sella“

217 3650 273 3701 Liv.
292 3651 335 3716 31,
354 3652 394 3703 ll.
414 3649 609 3719 51111542,14.1
644 3650 703 3702 335.
722 3656 749 3701 iu
766 3654 842 3716 cuod,
861 3653 883 3701 15
903 3669 1053 3704 communem
1072 3653 1213 3703 utilitatem.
1232 3681 1266 3691 -
1277 3654 1361 3717 sesa,
1378 3669 1400 3702 v.

217 3716 349 3788 3,145.11
384 3718 529 3771 336-375.
548 3721 662 3771 Drancis
685 3722 770 3770 oratio
789 3724 851 3786 paci
872 3724 972 3785 amica,
998 3719 1239 3790 755155151551551
1279 3719 1341 3774 336.
1365 3722 1401 3770 Ex

218 3789 396 3838 consuetudine
407 3789 476 3839 dicas
494 3788 629 3853 ,15155555
646 3789 754 3851 invidus,
771 3789 855 3839 idom
871 3789 975 3853 largus“
989 3795 1058 3848 551.;
1078 3796 1213 3839 retractum
1226 3797 1265 3839 est
1277 3791 1325 3840 hoo
1337 3793 1401 3841 idam

218 3854 303 3904 eodem
322 3857 408 3919 modo,
429 3873 477 3921 quo
495 3856 519 3917 9,
537 3854 588 3907 327
613 3856 689 3919 „Rex
706 3857 789 3906 idam
810 3864 835 3906 et
859 3859 912 3921 regi
931 3856 1016 3908 Turno
1039 3858 1196 3921 gratissimus
1215 3861 1331 3922 ungur,“
1350 3860 1365 3907 1.
1382 3874 1401 3909 a

218 3936 264 3971 rex
289 3923 424 3988 idemque
447 3940 541 3989 augum
566 3927 631 3975 adde
652 3924 678 3988 3,
700 3922 757 3990 80.l
797 3920 857 3975 337.
882 3925 932 3977 dol.
955 3928 1018 3987 ina,
1043 3926 1146 3976 Servius
1170 3942 1235 3989 „uon
1258 3941 1291 3976 cx
1317 3933 1403 3994 aperto

217 3990 378 4055 impugnabat
396 3992 521 4055 Turnum,
539 3994 582 4043 sed
601 4009 657 4043 55ι
675 3993 826 4059 reipublicae
844 3994 960 4043 simulata
978 3992 1309 4063 (1515551555155555551111
1345 3992 1401 4046 333

211 4058 406 4123 1515115551,
429 4075 455 4109 v.
473 4057 503 4123 5,
520 4058 592 4116 loll
631 4058 691 4113 340.
712 4061 771 4111 Sed.
788 4077 824 4127 p.,
846 4064 979 4127 potentiam
1004 4062 1050 4112 sibi
1072 4077 1195 4126 quaerens
1217 4078 1249 4113 cx
1274 4065 1402 4113 movendis

217 4125 388 4177 seditionibus.
401 4154 436 4163 —
451 4127 548 4178 incerta
566 4127 631 4178 iarun
650 4144 761 4179 sororem
773 4129 855 4179 Latini
874 4129 923 4179 1551
935 4130 1040 4181 Drancis
1058 4136 1161 4179 matrem
1179 4129 1265 4191 151555,
1283 4133 1403 4182 bominem

217 4194 249 4243 de
262 4193 452 4260 5555555551
486 4192 545 4246 342.
563 4203 655 4247 onorat
667 4195 805 4264 75555151
839 4194 1007 4262 34515551,
1026 4206 1151 4261 tamqnam
1170 4197 1311 4250 faciendum
1332 4199 1404 4261 15551,

217 4276 279 4325 ergo
295 4264 419 4329 postulet,
441 4264 494 4313 lieri
516 4265 614 4324 iubeat3
639 4266 689 4314 Cic.
707 4262 752 4331 Ep.
775 4266 806 4315 ad
826 4266 895 4315 Fam.
915 4266 938 4329 1,
957 4264 980 4329 7,
1000 4264 1032 4316 15
1056 4267 1131 4331 „quid
1156 4282 1210 4329 ras,
1234 4268 1294 4332 qnid
1319 4283 1404 4330 cansa,

216 4332 276 4395 quid
295 4332 510 4398 remanserat,
535 4332 626 4397 optime
642 4334 816 4402 perspicias.“p
850 4331 910 4384 347.
930 4338 1090 4400 auspicium,
1116 4335 1181 4400 quod
1204 4350 1275 4386 more
1293 4334 1403 4387 Romano
