2942 4975
447 301 661 370 AENEIDOS
684 301 764 368 LIB.
787 301 827 365 ΙΙ.
1122 393 1128 406 ¹
1161 300 1222 367 173

152 491 312 570 Descende,
333 507 371 556 ac
393 490 531 554 ducente
554 489 616 554 deo
638 486 797 553 dammam
814 487 902 552 inter
923 491 958 552 et
980 487 1081 552 hostis

71 623 78 657 ,
151 577 307 660 Erpedior3
330 577 408 641 dant
431 574 497 650 tela
518 574 636 652 locum,
659 571 869 653 flammaeque
890 573 1054 638 recedunt.

219 664 320 743 Atque
341 660 397 725 ubi
419 659 482 723 iam
504 659 628 742 patriae
650 663 841 741 perventum
863 658 906 722 ad
926 657 1036 723 limina
1056 659 1142 724 sedis
1212 691 1216 715 ι

89 749 134 814 635
151 748 353 828 Antiquasque
376 745 501 822 domos,
524 744 664 826 genitor,
687 761 784 825 quem
805 743 921 824 tollere
941 743 975 807 in
997 744 1079 810 altos
1216 746 1218 755 '

151 833 291 915 Optabam
312 831 448 914 primmn
469 830 587 895 montis
609 829 810 912 primumque
832 828 989 910 petebam

151 919 282 998 Abnegat
303 916 409 982 excisa
429 914 529 979 vitam
550 915 726 998 producere
750 913 848 980 Troia

150 1003 349 1084 Exsiliumque
371 1001 447 1083 pati.
492 1000 557 1065 Vos
581 1019 613 1080 o,
636 1000 751 1081 quibus
769 999 899 1080 integer
921 998 991 1063 aevi

150 1087 282 1170 sanguia,
304 1087 363 1166 ait,
385 1086 569 1168 solidaeque
591 1104 648 1151 suo
672 1084 897 1150 stant-robore
919 1084 1014 1162 vires,

88 1173 133 1238 640
150 1173 204 1238 Vos
224 1173 341 1254 agitane
363 1170 479 1253 lugam.

150 1258 238 1322 Masi
260 1257 437 1323 caelicolae
453 1255 630 1322 voluissent
653 1255 770 1320 ducere
791 1254 898 1333 vitam,

149 1342 204 1407 llas
224 1343 299 1408 mibi
323 1347 505 1408 servassent
527 1341 629 1406 sedes.
673 1339 757 1405 Satis
779 1359 844 1405 una
865 1356 1024 1421 superque

150 1427 278 1493 Vidimus
302 1427 426 1492 excidia
448 1432 481 1492 et
504 1431 616 1508 captae
638 1425 859 1506 superavimus
881 1423 960 1489 urbi.

150 1511 192 1577 Sic
212 1531 244 1592 o,
265 1513 310 1578 sic
334 1513 474 1594 positum
495 1509 594 1578 adlati
617 1510 773 1575 discedite
797 1529 920 1595 corpus.
992 1534 1004 1569 ι

88 1597 132 1661 lle
149 1597 211 1679 lpse
231 1617 325 1664 manu
347 1604 484 1664 mortem
505 1596 678 1674 inveniam3
701 1595 906 1660 miserebitur
927 1594 1027 1658 hostis

148 1683 336 1766 litaniasque
357 1687 456 1766 petet.
501 1681 617 1746 Facilis
639 1681 765 1746 iactura
785 1679 954 1764 sepulchri.

148 1769 348 1851 Iampridem
368 1768 489 1834 invisus
512 1767 591 1832 divis
615 1771 648 1831 et
669 1766 792 1832 inutilis
815 1784 916 1830 annos

149 1853 303 1933 hemoror,
328 1872 366 1918 ex
387 1872 451 1935 quo
474 1871 525 1918 me
549 1852 654 1917 divom
676 1857 770 1933 pater
791 1856 889 1932 atque
910 1850 1073 1916 hominum
1094 1868 1151 1916 rex

148 1937 286 2004 Fulminis
309 1937 441 2004 adflavit
463 1937 568 2003 ventis
592 1941 625 2001 et
648 1937 783 2018 contigit
803 1937 879 2018 igni

88 2020 132 2084 000
222 2024 310 2090 Talia
332 2025 498 2106 perstabat
519 2041 712 2100 membrana,
734 2019 880 2103 fixusque
902 2021 1059 2087 manebat.

149 2107 204 2173 Nos
226 2115 339 2176 contra
360 2108 452 2176 effusi
475 2108 613 2174 lacrimis
637 2108 838 2188 coniunxque
860 2106 982 2172 Creusa

149 2193 355 2276 Ascaniusque
378 2195 544 2275 omnisque
568 2193 692 2270 domus,
715 2211 756 2256 ne
777 2195 907 2257 vertere
929 2209 1039 2256 senum

150 2276 258 2348 Cuncta
278 2285 373 2363 pater
395 2278 525 2361 latoque
548 2278 700 2359 urguenti
721 2277 906 2342 incrunbere
928 2275 1035 2340 vellet.

147 2364 294 2446 Abnegat,
317 2365 512 2447 inceptoque
536 2369 569 2428 et
590 2362 719 2430 sedibus
741 2363 856 2428 haeret
876 2362 910 2428 in
930 2361 1041 2427 isdem.
1072 2417 1075 2422 .

86 2546 128 2597 632.
149 2551 199 2615 deo,
222 2556 318 2617 gereris
348 2568 446 2615 nomen,
473 2566 520 2617 quo
547 2553 622 2603 etiam
646 2552 707 2603 deae
724 2551 975 2615 comprehenduntur-3
1001 2564 1058 2601 uam
1075 2548 1160 2599 Venus
1177 2562 1233 2598 eum

87 2616 162 2668 laese
176 2624 278 2685 putanda
296 2618 378 2683 estss
415 2618 560 2674 634-725,
587 2621 730 2683 Anchises,
757 2619 804 2669 dia
831 2619 989 2682 reluctante,
1016 2616 1123 2667 tandem
1150 2617 1233 2665 victur

85 2687 280 2741 scabineorum
297 2690 521 2755 emntnmscgae
539 2706 567 2739 se
581 2686 710 2756 praehet}
747 2684 806 2739 635.
828 2686 929 2751 tollere,
952 2694 981 2739 ut
1004 2686 1122 2748 debilem,
1143 2683 1174 2733 ci.
1192 2699 1230 2733 vs.

55 2787 63 2801 .
86 2748 121 2830 647
135 2752 190 2825 sqq}
220 2754 278 2809 638.
296 2774 322 2807 ν.
341 2755 372 2808 G.
390 2755 415 2821 4,
433 2754 506 2827 4914
540 2754 598 2809 639.
618 2760 712 2818 etant,
731 2756 854 2807 sustinent
871 2771 910 2819 se,
931 2771 978 2806 suo
996 2756 1060 2817 rob,
1079 2753 1188 2803 naturali
1205 2759 1232 2803 et

86 2820 176 2891 illibata}
200 2823 262 2883 640.
281 2842 298 2877 a
320 2829 391 2876 itare
402 2826 513 2891 sagam,
536 2840 567 2876 ca
590 2824 671 2877 lacere
689 2824 789 2889 sedulo,
845 2838 876 2873 ae
892 2825 1015 2891 pertinent
1033 2825 1065 2873 ad
1083 2821 1168 2886 lugam
1186 2836 1231 2871 cx-

85 2890 223 2959 squallent
257 2843 319 2945 646.
335 2894 409 2944 urbi
426 2894 457 2943 ab
476 2894 581 2944 llernnle
598 2900 694 2960 captae,
711 2908 737 2943 v.
755 2890 780 2956 8,
835 2890 899 2943 let
916 2891 947 2943 ci.
967 2893 1037 2943 Hom.
1056 2887 1081 2954 5,
1098 2886 1150 2940 640
1167 2888 1234 2955 sqql

85 2952 128 3005 644.
142 2963 174 3009 sic
186 2966 282 3027 positus
315 2969 345 3013 ut
361 2960 386 3025 4,
404 2958 485 3028 681),
502 2958 706 3027 quomadmodum
723 2962 815 3011 morari
833 2961 928 3024 solent,
951 2967 1036 3011 rectam
1057 2965 1234 3023 extentusquet

85 3020 148 3092 Eurip.
166 3028 254 3097 llippol.
273 3027 326 3081 786
350 3020 548 3099 ,,Ὀροώσατ’
574 3028 800 3083 ἔκτὲίνοντες
823 3020 926 3080 ἄθλιον
950 3029 1062 3081 νέκυν.“
1085 3056 1117 3065 -·
1142 3028 1237 3092 adfati

84 3099 170 3156 gahamo
185 3098 224 3148 illo
243 3098 319 3163 Vale,
337 3098 412 3163 Vale,
431 3096 459 3149 V
456 3098 511 3157 ale,·
528 3097 559 3148 ci.
578 3094 602 3162 6,
615 3094 673 3150 506.
693 3093 879 3164 adde11‚97.1
913 3094 971 3149 645.
990 3100 1048 3147 mis.
1061 3098 1086 3146 b.
1098 3095 1183 3146 Beue.
1194 3112 1235 3162 p..·

85 3158 176 3213 Anchises
191 3166 213 3215 in
230 3167 339 3218 beneficii
356 3167 409 3217 loeo
428 3173 531 3217 mortem
550 3167 625 3233 ponit,
643 3180 714 3232 quam
733 3167 820 3229 bostis,
839 3166 944 3215 exuvias
962 3171 1056 3232 petens,
1073 3165 1119 3230 ipsi
1135 3163 1233 3215 alferat.

84 3224 128 3277 Sunt
143 3236 250 3296 quaedam
267 3236 336 3301 apud
353 3235 485 3299 Virgilium
503 3233 648 3287 manifestae
665 3234 814 3285 imitationes
834 3233 974 3295 Ciceronis3
999 3248 1077 3299 quare
1099 3233 1181 3282 nescio
1205 3247 1236 3281 an

85 3294 101 3342 A·
114 3296 125 3343 l·
141 3308 203 3365 pocta
219 3304 262 3353 illa
279 3304 430 3366 meminerit,
450 3317 513 3368 quae
531 3302 632 3365 Cicero,
656 3308 880 3368 mortemoptaus,
904 3302 1005 3370 scripsit
1027 3302 1059 3351 ad
1077 3301 1129 3350 Ata
1148 3300 1192 3366 Ep.
1211 3296 1235 3359 9,

86 3358 117 3439 1¹2>
129 3362 143 3414 4
156 3386 197 3430 „ne
213 3373 269 3436 quid
287 3377 369 3437 optem
387 3372 483 3437 quidem
501 3372 549 3421 iam
569 3372 660 3434 habco,
681 3370 729 3420 uisi
750 3377 778 3421 ut
795 3370 879 3435 aliqua
899 3371 987 3420 inimici
1011 3368 1236 3419 misericordia

84 3429 231 3503 bberenur.“l
260 3436 319 3493 646.
338 3440 399 3491 Fac.
418 3442 435 3489 ι’.
454 3454 506 3505 sep.
530 3439 582 3489 Hoc
604 3452 620 3489 a
639 3453 734 3489 summa
759 3454 843 3489 rerum
866 3440 972 3488 omnium
990 3437 1162 3503 desperatione
1179 3451 1236 3501 pro-

84 3496 162 3567 lectam,
178 3513 205 3556 at
220 3524 250 3557 ne
268 3508 393 3573 sepulchri
411 3507 507 3570 quidem
530 3508 627 3559 iactura
651 3513 796 3567 moveatur3
820 3505 851 3556 ci.
876 3507 941 3556 Stat.
960 3505 1038 3556 Theb.
1056 3504 1081 3564 8,
1101 3500 1152 3554 736
1169 3519 1222 3569 sqq.

84 3562 126 3617 646.
142 3574 230 3625 tanim
247 3576 281 3639 d,
300 3578 365 3641 quod
383 3576 446 3625 inter
463 3576 521 3625 vina
539 3577 605 3641 apud
623 3577 721 3627 sodales
739 3576 861 3639 gloriatus
879 3581 918 3625 est
935 3586 1023 3625 amore
1031 3572 1143 3633 Veneris,
1160 3573 1192 3622 ob
1211 3573 1219 3621 i

85 3634 167 3713 thlove
187 3640 285 3695 fulmine
308 3646 386 3706 ictus3
412 3644 500 3712 Hygia.
519 3641 569 3693 iab.
588 3641 630 3706 94,
654 3652 679 3695 et
695 3642 726 3694 ci.
745 3644 815 3693 Hom.
833 3643 922 3710 llymn
939 3644 963 3693 in
981 3643 1044 3693 Ven.
1062 3638 1113 3693 287
1132 3656 1185 3707 sqq.
1203 3668 1237 3677 -

85 3708 172 3771 arabba
189 3714 275 3763 Aeseb.
289 3711 369 3763 Prota.
382 3709 432 3763 371
445 3705 580 3779 ,ἀχρεῖον
592 3711 725 3782 δέμας.“Ι
760 3708 820 3763 648.
832 3727 913 3763 aanor
925 3711 1052 3773 demoror,
1065 3710 1142 3760 vitam
1154 3724 1238 3759 moror

84 3775 176 3852 abquasl
194 3780 357 3846 inpatientem
381 3782 452 3831 huius
476 3795 560 3830 murac
583 3788 608 3831 et
631 3781 734 3831 inritam
753 3775 872 3849 retineo}
905 3776 965 3829 649.
987 3778 1103 3846 Epicurei
1124 3778 1238 3829 dicebant

84 3847 143 3917 ignita
165 3849 280 3909 &avidas
308 3864 363 3900 esse
389 3850 465 3899 nubes
483 3856 508 3898 et
529 3849 609 3913 ipsum
633 3847 723 3898 fulmen
750 3864 806 3899 esse
829 3854 929 3899 venturu
952 3849 1062 3912 igneum
1087 3847 1188 3898 Lucret.
1211 3846 1236 3908 6,

83 3904 196 3977 alala,
218 3923 263 3967 aut
284 3918 310 3967 vi
332 3918 399 3967 venti
421 3917 575 3967 extrinsecus
598 3918 719 3968 venientis
736 3916 820 3967 excuti
837 3915 927 3967 fulmen
950 3915 1070 3979 nubibus,
1094 3917 1195 3976 Lucret.
1213 3912 1238 3976 6,

83 3969 186 4058 76ᾒο7.
219 3984 288 4035 Unde
304 3986 458 4049 intelligitur,
477 3983 589 4049 qumod,
601 3982 654 4037 430
672 3984 793 4053 Cyclopes
808 3983 902 4035 fulmini
919 3984 1051 4036 informato
1069 3986 1152 4035 radios
1170 3982 1239 4034 rutili

82 4046 318 4126 tragasaeum
337 4054 442 4103 austri
459 4053 605 4103 addiderint.
617 4080 652 4090 —
663 4054 784 4121 adflavit:
804 4052 860 4103 Liv.
878 4050 920 4115 30,
938 4054 955 4106 6
973 4055 1067 4117 ,saucii
1090 4052 1238 4117 adstati-

83 4124 118 4172 l¹¹0
132 4117 270 4194 lucendiof‘l
304 4120 362 4175 651.
380 4121 433 4186 diff.
453 4121 524 4185 lacc,
543 4128 571 4171 ut
588 4122 647 4172 Val.
664 4122 702 4173 m.
721 4120 746 4186 7,
762 4118 798 4173 34
814 4121 877 4184 „tali
894 4137 925 4172 uc
942 4121 1076 4173 effunditur
1092 4122 1157 4172 ira.“
1187 4119 1237 4170 05-

82 4182 216 4237 oseaeuna
238 4205 323 4239 sumus
351 4204 405 4241 cum
431 4189 515 4239 multis
541 4190 663 4251 lacrimis,
689 4208 719 4241 ne
792 4190 876 4241 vellet.
925 4189 983 4242 652.
1010 4194 1089 4252 cert„
1116 4194 1237 4247 evertere,

82 4251 187 4331 04040461
216 4254 276 4309 653.
286 4258 354 4323 fato
371 4274 433 4322 urg.
452 4260 576 4321 incumb,
594 4259 660 4308 ultro
679 4273 821 4323 aggravare
838 4258 916 4310 iatum
933 4252 1047 4323 ungena!
1084 4255 1143 4326 654.
1161 4256 1237 4307 Prae—

83 4324 154 4377 pnnhn
169 4324 200 4373 ad
216 4331 349 4393 atrumque
366 4342 451 4377 nomeu
469 4327 588 4391 pertinett
606 4330 634 4377 in
652 4328 739 4379 eodm
756 4330 853 4393 bremio
870 4332 896 4377 ct
912 4331 940 4377 in
958 4326 1051 4377 iisdem
1068 4325 1188 4384 redibam
1210 4336 1237 4372 v.
