2942 4975
231 333 274 403 80
605 334 639 398 Ρ.
662 332 827 399 VIRGILI
847 332 1037 399 Maeonis

316 521 532 603 insanumque
554 520 659 588 iorum
682 526 738 585 aut
759 520 869 603 populi
891 520 1052 587 tabularia
1072 521 1159 587 vidit

317 605 498 673 sollicitant
519 606 573 671 alii
594 606 690 671 remis
712 605 798 671 freta
819 624 928 687 caeca,
951 611 1112 689 ruuntque

316 691 354 757 In
378 691 510 773 lenum,
532 695 705 775 penetrant
727 692 817 756 aulas
840 695 873 756 et
894 691 1005 756 limina
1025 710 1151 773 regum;

231 773 295 841 505
317 776 378 843 Hic
399 778 482 861 petit
505 776 635 843 excidiis
657 776 771 843 urbem
793 776 990 858 miserosque
1011 778 1152 857 Penatis,

317 861 362 929 Ut
385 881 510 945 gemma
531 862 620 928 bibat
643 866 676 927 et
698 860 836 927 Sarrano
859 862 996 926 dormiat
1017 867 1121 942 ostro;

319 946 435 1014 Condit
457 966 534 1031 opes
556 946 636 1012 alius
659 945 850 1029 defossoque
871 947 1003 1013 incubat
1024 966 1116 1025 auro;

316 1032 378 1099 Hic
400 1038 510 1116 stupet
531 1031 687 1098 attonitus
707 1032 846 1111 Rostris,
869 1033 954 1097 hunc
974 1033 1105 1115 plausus
1126 1032 1270 1097 hiantem

317 1118 380 1185 Por
402 1136 521 1183 cuneos
543 1117 722 1200 geminatus
746 1117 831 1182 enim
852 1117 1017 1199 plebisque
1038 1122 1231 1200 petrumque

232 1198 297 1267 510
319 1202 494 1287 Corripuit;
518 1203 659 1285 gaudent
679 1201 800 1285 perfusi
821 1203 977 1285 sanguine
997 1202 1141 1283 fratrum,

318 1286 502 1371 Exsilioque
525 1288 635 1354 domos
659 1292 692 1353 et
715 1288 821 1353 dulcia
842 1288 952 1353 limina
973 1293 1100 1353 mutant

318 1374 426 1457 Atque
448 1372 510 1439 alio
533 1374 670 1458 patriam
693 1378 853 1455 quaerunt
873 1373 931 1439 sub
953 1373 1021 1438 sole
1042 1374 1208 1439 iacentem

318 1458 468 1541 Agricola
489 1458 620 1525 incurvo
643 1463 764 1525 terram
786 1458 920 1523 dimovit
941 1463 1062 1524 aratro:

319 1542 403 1609 Hinc
425 1544 500 1610 anni
522 1544 628 1625 labor,
649 1543 724 1609 hinc
745 1542 882 1626 patriam
904 1562 1084 1626 parvosque
1105 1544 1237 1609 Penatis

232 1624 297 1692 515
319 1627 476 1710 Sustinet,
502 1628 576 1695 hinc
598 1634 746 1695 armenta
766 1629 862 1693 boum
884 1630 1080 1711 meritosque
1100 1629 1262 1695 iuvencos.

319 1712 388 1780 Nec
408 1714 550 1796 requies,
573 1714 649 1798 quin
672 1720 728 1779 aut
749 1714 852 1797 pomis
875 1715 1031 1780 exuberet
1052 1732 1162 1794 annus,

318 1800 385 1866 Aut
406 1798 476 1865 fetu
497 1818 661 1883 pecorum,
683 1804 741 1864 aut
762 1799 904 1865 Cerealis
925 1799 1062 1881 mergite
1084 1799 1189 1878 culmi,

318 1884 545 1968 Proventuque
567 1890 680 1949 oneret
702 1885 808 1950 sulcos
830 1890 929 1967 atque
947 1886 1068 1950 lrorrea
1087 1885 1204 1950 vincat

319 1969 419 2037 Venit
438 1969 576 2053 hiemps:
600 1970 717 2035 teritur
739 1969 886 2051 Sicyonia
906 1972 986 2036 baca
1008 1970 1152 2053 trapetis,

234 2049 300 2117 520
323 2053 447 2121 Glande
469 2073 543 2121 sues
566 2055 643 2120 laeti
665 2054 816 2135 redeunt,
839 2056 918 2121 dant
939 2057 1054 2121 arbuta
1074 2055 1188 2134 silvae3

319 2140 363 2207 Et
384 2141 488 2207 varios
510 2140 603 2223 ponit
624 2140 710 2206 letus
733 2145 918 2220 autumnus,
941 2145 976 2207 et
997 2141 1063 2206 alte

319 2224 408 2292 Mitis
429 2226 463 2291 in
486 2224 600 2309 apricis
624 2225 771 2308 coquitur
793 2225 954 2291 vindemia
974 2226 1067 2291 sexis.

319 2311 450 2379 Interea
472 2312 581 2378 dulces
603 2312 747 2396 pendent
770 2311 889 2376 circum
911 2312 1022 2376 oscula
1041 2311 1118 2390 nati,

321 2395 418 2464 Gesta
438 2396 625 2481 pudicitiam
647 2401 755 2463 servat
778 2397 903 2477 domus,
925 2398 1026 2461 ubera
1045 2414 1161 2461 vaccae

234 2476 298 2548 525
319 2484 440 2552 Lactea
462 2482 649 2562 demittunt,
671 2483 871 2566 pinguesque
892 2482 927 2547 in
949 2483 1092 2565 gramine
1113 2482 1200 2546 laeto

320 2568 410 2636 Inter
430 2587 465 2636 se
488 2568 631 2635 adversis
654 2568 818 2633 luctantur
839 2568 987 2634 cornibus
1009 2567 1113 2634 haedi.

235 2787 337 2857 Quintil.
355 2786 379 2856 7,
398 2787 422 2854 1,
438 2783 473 2840 48
490 2794 515 2840 et
532 2784 589 2855 51.Ι
625 2783 683 2840 502.
703 2788 770 2851 lea,
794 2790 878 2841 insano
901 2790 1009 2840 clamore
1030 2789 1178 2854 litigantium
1196 2794 1363 2856 perstrepens.
1380 2815 1409 2824 -

234 2861 282 2910 cut
297 2872 323 2940 p.
343 2861 361 2908 t.
379 2871 415 2922 5.,
433 2857 525 2908 nullutn
544 2873 588 2909 neo
606 2857 725 2922 vectigal,
744 2873 789 2910 nec
806 2859 954 2924 portorium,
972 2875 1017 2909 nec
1035 2873 1129 2926 pascua
1146 2873 1162 2907 5
1180 2857 1273 2924 populo
1292 2865 1410 2924 tamquam

252 2926 379 2978 ublrcanus
404 2925 533 2990 conduxit,
561 2941 664 2991 quarum
691 2926 868 2976 redemtionem
893 2926 995 2977 tabulae
1018 2927 1042 2978 in
1065 2925 1191 2977 tabulario
1216 2925 1326 2992 publico,
1352 2925 1410 2992 quod

234 2941 329 3046 515555
347 2999 402 3046 erat
419 2994 442 3045 15
460 2993 525 3045 atrio
542 2991 686 3056 Libertatis,
705 2991 893 3064 servabantur]
929 2990 980 3046 503
991 3010 1045 3060 sqq.
1063 2995 1152 3045 Studia
1166 3001 1192 3045 et
1209 2993 1323 3046 facinora
1340 2996 1409 3046 5555-

234 3077 334 3114 norumc
352 3061 401 3114 alii
419 3059 565 3132 (urbani)
584 3062 735 3126 navigationi
753 3063 814 3115 dant
830 3079 939 3129 operam,
957 3070 1002 3113 aut
1020 3061 1059 3130 (v.
1073 3061 1098 3127 1,
1110 3059 1175 3130 419)
1194 3069 1294 3113 armant
1310 3079 1339 3114 se
1352 3062 1409 3114 ferro

235 3131 268 3182 51
286 3129 386 3182 caedum
405 3128 552 3193 laciendum,
577 3136 621 3182 aut
645 3129 668 3180 in
692 3131 764 3180 55155
782 3132 906 3182 ventitant
923 3139 1072 3199 praestoque
1089 3138 1147 3182 sunt
1165 3131 1279 3196 regibus,
1305 3139 1333 3182 et
1355 3147 1410 3198 quae

236 3207 367 3268 praeterea
383 3197 447 3252 lucri
463 3203 507 3250 aut
526 3199 646 3251 corarmdi
664 3199 768 3250 alicuius
785 3200 1000 3250 5555511555-
1017 3216 1102 3262 caeca,
1119 3199 1191 3266 plena
1208 3199 1360 3250 incertorum
1376 3215 1410 3250 oa·

235 3263 329 3332 suum!
364 3263 423 3322 505.
442 3265 540 3333 patriae
558 3266 649 3318 bollum
666 3266 748 3318 insert
778 3267 911 3318 Antonium
928 3267 1060 3332 significari
1077 3269 1189 3336 putant!
1224 3264 1284 3318 506.
1301 3283 1410 3333 gemma,

234 3336 329 3404 poculis
347 3351 379 3388 ex
396 3349 491 3401 geroam
510 3332 594 3396 lactis,
613 3350 677 3402 quae
693 3336 805 3387 immensi
821 3343 893 3387 eram
910 3337 991 3402 pretii.
1009 3364 1044 3374 —-
1060 3335 1195 3399 Sarrano,
1214 3335 1307 3403 Tyri03
1332 3337 1410 3405 Tyrus

234 3405 292 3456 olim
310 3404 389 3456 Sarra
411 3395 500 3466 1115151
535 3397 587 3454 508
604 3418 656 3470 sqq.
683 3403 755 3455 Alius
777 3404 883 3454 miramr
905 3405 1060 3469 eloquentiae
1085 3403 1191 3456 lorensis
1214 3405 1331 3468 laudem,
1355 3406 1411 3455 51155

234 3479 320 3541 captat
335 3472 442 3540 gretiam
460 3469 550 3539 populi.
573 3497 607 3510 -
628 3472 747 3522 dicatam
763 3487 825 3539 prae
843 3472 1005 3524 admiratione
1022 3479 1049 3524 et
1064 3481 1167 3540 stupore
1184 3473 1288 3523 scilieet.
1306 3501 1342 3511 —
1360 3473 1411 3524 Cor

234 3545 323 3608 rtpaa‘t,
342 3542 447 3594 animaru
465 3539 605 3592 menevia
625 3566 656 3578 -
674 3539 748 3605 iunge
762 3540 873 3608 plamae
887 3555 936 3608 per
953 3557 1054 3606 555555,
1070 3542 1087 3592 1.
1106 3559 1128 3592 5.
1146 3541 1179 3591 ab
1196 3541 1235 3602 iis,
1253 3542 1297 3606 qui
1313 3559 1360 3608 per
1376 3558 1411 3590 ea·

234 3625 294 3667 neos
313 3610 399 3662 sedent
416 3609 440 3660 ia
458 3609 566 3669 theatro,
585 3607 673 3669 oddus,
692 3606 722 3658 51.
736 3607 823 3660 Horat
836 3607 883 3659 0d.
896 3605 921 3669 1,
936 3606 979 3670 20,
990 3607 1008 3659 3
1019 3625 1057 3676 sq.
1075 3609 1126 3660 Cic
1145 3608 1190 3659 0r.
1207 3609 1272 3659 Phil.
1293 3607 1410 3673 1,12.-

233 3672 398 3744 geminatas,
418 3677 544 3745 repetitus,
563 3675 649 3728 llorat.
667 3676 713 3728 01.
726 3671 751 3736 2,
764 3672 900 3742 152551.
918 3677 1039 3743 „populns
1057 3676 1171 3744 frequens
1188 3677 1296 3728 Laetum
1314 3678 1411 3729 theatn's
1459 3726 1460 3729 ,

235 3749 284 3796 ter
307 3747 404 3813 crepuit
426 3746 537 3797 sommi*
573 3743 623 3796 adl
645 3745 795 3810 gemirratum
818 3745 883 3797 inter
899 3751 1013 3797 rotantur
1030 3746 1165 3813 duplicem,
1189 3745 1230 3810 qni
1253 3751 1283 3795 et
1307 3761 1324 3796 5
1350 3747 1412 3814 plebe

235 3815 322 3878 detur,
346 3819 577 3866 555555515-
595 3814 675 3871 5555,
699 3829 724 3864 v.
741 3813 773 3864 Α.
791 3811 816 3873 8,
833 3811 876 3865 81.
926 3811 1411 3881 510511.151(15551)5)ρ5ι·5151115,
1459 3798 1460 3827 ¹

234 3883 291 3933 1515
308 3881 411 3946 exsilia,
434 3881 518 3946 ignota
535 3881 579 3934 1115
598 3879 706 3934 suadela.
724 3909 759 3920 -
779 3881 899 3948 guadeat
914 3882 1033 3948 perfect,
1057 3879 1154 3933 Graeco
1171 3898 1241 3932 more
1257 3881 1412 3951 Partieipiun

235 3966 291 4001 cu
314 3951 391 4002 verbo
414 3949 538 4014 gaudendi
562 3949 681 4007 lunatum,
705 3955 733 4001 ut
754 3949 786 4000 Α.
805 3947 847 4009 10,
864 3947 924 4001 500.
949 3947 991 4012 12,
1008 3950 1033 4002 6.
1058 3979 1090 3988 -
1113 3951 1216 4015 dacia,
1240 3966 1267 4000 v.
1286 3951 1316 4001 ll.
1336 3951 1360 4013 1,
1376 3947 1412 4018 31

235 4015 296 4070 513.
313 4035 339 4068 r.
351 4017 375 4082 1,
386 4014 444 4083 491
478 4013 539 4072 ola„
557 4017 661 4077 55515,
679 4014 799 4077 annuus!
832 4012 978 4070 510-522.
997 4015 1172 4086 1555515155,
1189 4022 1255 4086 paee
1317 4020 1412 4085 Semper

235 4088 343 4154 51155555
360 4085 467 4137 linctum
484 4087 551 4153 capit
568 4085 676 4137 rusticus
693 4086 733 4136 val
751 4101 783 4136 ex
801 4086 886 4152 pomis,
905 4087 945 4136 rel
960 4102 993 4138 eu
1066 4087 1144 4148 ritus,
1160 4087 1202 4138 vel
1214 4103 1246 4137 ex
1258 4089 1338 4152 agris,
1355 4083 1412 4154 oet!

235 4155 296 4208 519.
314 4154 403 4218 Venit,
421 4155 437 4204 1.
449 4170 471 4206 e
483 4169 539 4205 555
550 4153 629 4209 rooitr
648 4153 761 4205 similitu·
772 4153 860 4204 Horat
871 4153 925 4205 Sat
938 4151 1000 4215 1,.2.
1061 4155 1182 4216 „caldior
1198 4162 1246 4216 est,
1264 4171 1338 4207 acres
1355 4158 1412 4207 inter

236 4223 410 4286 ιιι-55515511*
426 4223 443 4273 1.
461 4238 483 4273 5.
502 4223 524 4274 51
540 4221 604 4272 eald.
622 4227 671 4286 ustp
690 4221 755 4273 addo
771 4220 802 4272 Α.
820 4218 845 4284 1,
860 4219 920 4273 512.
938 4219 964 4286 5,
980 4220 1023 4274 31.
1039 4251 1076 4260 -
1091 4224 1184 4292 Sicyon
1201 4223 1328 4289 olivifera,
1344 4241 1367 4274 v.
1384 4223 1411 4273 lt.

236 4288 337 4363 l,55.{
369 4289 558 4356 5200155115,
582 4303 656 4356 quam
680 4289 703 4340 15
726 4289 797 4341 silvis
819 4287 959 4354 degemt,
982 4291 1072 4354 laeti,
1095 4293 1184 4359 quippe
1207 4294 1352 4356 gratissimo
1369 4292 1413 4342 siti

236 4352 625 4430 1555155515555515111551
659 4354 906 4426 5511555555,
923 4364 1040 4411 autam
1056 4375 1130 4428 pona
1147 4376 1181 4411 ex
1198 4361 1334 4412 arboribus
1351 4361 1413 4412 deei-

1459 3948 1461 3975 l
