2942 4975
470 336 684 404 AENEIDOS
707 339 789 406 LIB.
806 343 849 408 v,

152 523 250 590 Troia
272 521 407 590 Crimisa
431 529 620 606 conceptum
640 524 773 592 flumine
794 532 898 595 mater

151 610 256 686 Quem
278 608 398 691 genuit.
441 607 596 674 Veterum
619 629 684 675 non
706 611 863 679 inmemor
884 616 940 682 ille
962 624 1132 700 parentum

11 728 16 738 ·
91 695 130 758 40
152 693 311 760 Gratatur
331 694 468 759 reduces
491 698 525 759 et
547 713 625 776 gaza
646 696 752 763 laetus
773 700 892 780 agresti
1223 709 1229 715 ”

150 779 292 862 Excipit,
315 798 353 844 ac
374 777 477 844 fessos
499 779 612 861 opibus
635 783 759 847 soletur
779 785 897 850 amicis.

235 863 373 930 Postera
394 883 467 930 cum
488 863 725 946 primostellas
749 867 881 935 Oriente
903 868 1031 953 fugarat

152 949 251 1014 Clara
272 949 354 1028 dies,
377 949 481 1016 socios
502 950 535 1015 in
558 956 686 1017 coetum
708 952 804 1018 litore
827 954 866 1019 ab
889 956 975 1020 omni

150 1035 299 1100 Advocat
320 1034 461 1113 Aeneas,
484 1036 662 1118 tumulique
684 1055 723 1102 ex
744 1057 864 1120 aggere
885 1037 985 1106 latur:

91 1118 131 1184 45
151 1119 359 1185 Dardanidae
382 1120 503 1202 magni,
525 1139 625 1202 genus
647 1122 713 1189 alto
736 1142 756 1188 a
777 1125 932 1206 sanguine
954 1126 1069 1207 divom,

150 1207 288 1271 Annuus
311 1205 430 1270 exactis
454 1206 622 1288 conpletur
642 1208 805 1274 mensibus
827 1210 921 1289 orbis,

151 1291 203 1355 Ex
226 1309 290 1371 quc
312 1289 464 1372 reliquias
487 1291 648 1373 divinique
669 1311 744 1359 ossa
764 1294 907 1376 parentis

152 1375 363 1440 Condidimus
384 1379 473 1441 terra
494 1382 695 1459 maestasque
718 1379 913 1444 sacravimus
935 1398 1015 1452 arm.

152 1459 287 1541 lemque
310 1459 391 1540 dies,
414 1458 476 1524 nisi
497 1459 604 1542 lellus,
627 1463 731 1542 adest,
755 1481 850 1545 quem
872 1483 1001 1547 semper
1021 1468 1182 1550 acerbum,

90 1544 132 1610 50
154 1545 292 1628 Semper
312 1545 504 1610 honoratum
525 1583 570 1594 -
591 1547 636 1612 sic
658 1548 691 1613 di
712 1548 923 1615 voluistis-
945 1549 1078 1618 habebo.

152 1631 251 1696 Hunc
273 1647 333 1712 ego
357 1628 503 1696 Gaetulis
525 1651 653 1714 agerem
676 1633 704 1698 si
725 1632 873 1716 Syrtibus
895 1637 985 1701 exsul

153 1715 348 1798 Argolicove
368 1716 450 1781 mari
472 1716 649 1799 deprensus
673 1724 706 1784 et
727 1719 808 1784 urbe
828 1721 993 1803 Mycenae,

153 1802 274 1867 Annua
295 1803 371 1866 vote
392 1805 501 1866 tamen
523 1803 751 1885 sollemnisque
773 1806 885 1870 ordine
906 1823 1040 1888 pompas

152 1887 373 1968 Exsequerer,
395 1889 616 1970 strueremque
639 1889 704 1954 suis
725 1889 841 1956 altaria
862 1889 963 1956 donis.

90 1970 132 2035 55
153 1971 250 2036 Nunc
272 1971 358 2037 ultro
381 1972 422 2036 ad
445 1971 569 2038 cineres
590 1974 691 2054 ipsius
713 1979 748 2040 et
770 1993 842 2041 ossa
862 1978 1014 2058 parentis,

154 2056 253 2122 Haud
276 2056 424 2138 equidem
446 2057 515 2122 sine
536 2064 647 2124 mente
668 2077 755 2138 reor,
777 2060 847 2126 sine
869 2061 999 2127 numine
1021 2062 1159 2142 divom,.

154 2142 318 2207 Adsumus
330 2143 375 2207 ‘et
396 2146 508 2224 portus
531 2144 630 2208 delati
651 2145 808 2210 intramus
831 2147 957 2211 amicos.

153 2227 244 2308 Ergo
267 2227 368 2308 agite,
391 2232 424 2292 et
445 2228 567 2294 laetum
591 2230 697 2295 cuncti
719 2230 918 2298 celebremus
940 2231 1109 2311 honorem;

154 2313 329 2378 Poscamus
351 2317 477 2392 ventos
500 2317 596 2396 atque
618 2313 698 2380 haec
719 2333 772 2379 me
794 2333 886 2382 sacra
906 2321 987 2398 quot
1007 2316 1099 2382 annis

91 2396 134 2460 00
154 2397 247 2463 Urbe
268 2396 349 2462 velit
369 2397 475 2480 posita
496 2398 625 2481 templis
647 2399 707 2464 sibi
729 2398 815 2465 ferre
837 2400 960 2466 dicatis.

154 2482 241 2549 Bina
262 2481 359 2549 boum
380 2483 471 2549 vobis
494 2482 591 2550 Troia
613 2490 786 2567 generatus
807 2485 942 2552 Acestes

155 2570 223 2634 Dat
244 2586 378 2633 numero
402 2569 507 2651 capita
528 2568 561 2633 in
584 2570 688 2649 navis3
711 2570 862 2636 adhibete
883 2570 1015 2637 Penatis

154 2654 201 2719 Et
223 2654 344 2735 patrios
366 2653 470 2737 epulis
493 2659 527 2719 et
549 2673 628 2737 quos
651 2655 729 2720 colit
750 2656 867 2739 hospes
887 2657 1031 2722 Acestes.

154 2740 344 2819 Praeterea,
367 2738 394 2804 si
415 2758 500 2805 nona
522 2740 606 2806 diem
628 2741 818 2807 mortalibus
839 2742 958 2807 almum

90 2824 133 2889 65
155 2826 285 2890 Aurora
308 2824 460 2889 extulerit
481 2824 642 2907 radiisque
664 2826 820 2891 retexerit
842 2826 962 2907 orbem,

146 2910 267 2989 ‘Prima
289 2909 372 2975 citae
395 2910 526 2978 Teucris
548 2928 665 2992 ponam
688 2912 866 2977 certamina
887 2912 1013 2993 classis3

156 2994 286 3077 Quique
307 2995 426 3077 pedum
449 3012 543 3063 cursu
566 2995 665 3075 valet,
688 3002 722 3061 et
744 2997 799 3079 qui
820 2997 941 3063 viribus
962 2997 1066 3064 audax

69 3202 171 3265 „nitidis
190 3199 318 3264 gladiator
336 3202 369 3251 in
387 3201 489 3250 armis.“
524 3202 613 3251 Aescb.
632 3200 715 3251 From.
733 3196 833 3252 42411.
859 3192 1068 3270 „oqueipocot
1085 3202 1201 3272 βρέμων
1219 3203 1257 3257 ἒν

70 3264 233 3337 αἰχμαῖς.“1
267 3264 310 3320 38.
327 3268 378 3319 ΑΙίἰ
398 3252 501 3319 Troica.
524 3296 558 3305 -
582 3267 740 3320 Crimisus
763 3271 853 3321 fluvius
870 3268 992 3339 Siciliae!
1025 3268 1068 3323 40.
1089 3282 1161 3337 gaza
1186 3287 1257 3337 agr„

70 3339 148 3405 epulis
167 3332 326 3406 rusticanis}
359 3332 402 3387 45.
421 3337 474 3402 ipse
491 3336 622 3388 Dardanus
640 3338 704 3388 lilius
722 3338 790 3389 lovis
807 3337 914 3408 fuerat!
947 3336 1257 3391 {redimerentur

70 3408 161 3457 dicitur
179 3406 235 3455 dies
254 3411 345 3467 status,
364 3420 412 3470 quo
431 3405 476 3455 diis
493 3406 609 3456 bonorem
627 3405 664 3471 (v.
680 3402 705 3470 3,
719 3404 783 3473 118)
804 3406 944 3473 offerimus,
960 3408 1095 3459 recolentes
1113 3407 1258 3459 memoriam

70 3473 393 3539 argentomagenses,
415 3488 478 3539 quac
500 3488 528 3523 eo
555 3474 611 3523 suni
629 3475 668 3525 die
684 3475 755 3525 nobis
774 3474 870 3539 obtigit.
887 3503 923 3515 -
941 3480 980 3527 sie
997 3476 1027 3527 di
1046 3490 1077 3538 0.,
1095 3489 1147 3525 vox
1163 3475 1258 3527 doloris

70 3545 159 3609 plena3
185 3540 317 3591 maluisset
338 3541 400 3591 enim
418 3542 476 3591 vivo
494 3542 562 3608 patri
585 3540 665 3594 officia
687 3544 788 3609 pietatis
809 3544 941 3608 exhibere,
960 3557 1035 3610 quam
1057 3543 1179 3610 mortuo!
1213 3540 1258 3596 02.

70 3613 235 3679 deprensus,
263 3610 284 3659 si
306 3610 328 3659 is
355 3611 408 3662 dies
434 3624 473 3691 me
494 3611 696 3675 deprehenderet.
713 3638 748 3649 —
765 3618 804 3675 et,
825 3627 850 3661 v.
874 3611 915 3663 0.·
929 3610 958 3675 1,
981 3604 1058 3675 4191
1092 3606 1134 3661 53.
1149 3626 1258 3680 pompas

69 3675 1086 3815 hildelidam‘'iiiirl·lillirlsiieltilitnldllil
1104 3678 1260 3813 ’999ιὲ

71 3833 95 3868 v.
113 3815 140 3879 9,
158 3814 197 3884 Z}
234 3810 455 3882 56.v.1‚133.1
489 3811 531 3866 58.
548 3816 684 3880 bonorem,
708 3830 782 3878 saera
803 3818 828 3868 iu
852 3818 967 3869 honoram
983 3818 1107 3868 Anchisae
1124 3814 1261 3886 faciende!

69 3882 113 3936 09.
132 3890 240 3951 petuma
259 3883 306 3933 hec
329 3883 494 3935 sollemnitate
534 3898 647 3935 oscamus
669 3892 771 3949 ventos,
794 3901 820 3937 v.
842 3883 868 3949 3,
885 3881 950 3950 253,
972 3892 998 3937 et
1020 3886 1097 3937 dolati
1118 3887 1143 3937 iu
1161 3885 1260 3937 ltaliam

71 3955 160 4005 endem
180 3965 257 4003 sacre
273 3947 461 4021 instauremus!
531 3990 536 4001 .
554 3954 582 4001 si
601 3952 697 4004 Futuro
720 3954 828 4004 iunctum
847 3955 972 4019 coniungit
988 3955 1111 4006 interdum
1128 3970 1185 4006 oum
1202 3971 1261 4005 oon·

72 4020 190 4101 dicionali
208 4024 336 4099 potestate
352 4020 513 4103 temporalem
531 4021 643 4101 quando,
661 4028 689 4072 ut
706 4018 732 4084 6,
749 4019 809 4074 829.
827 4023 915 4073 lloret.
933 4022 1012 4090 llpist,
1030 4021 1056 4087 1,
1074 4020 1152 4122 7‚“10
1169 4021 1260 4088 „Quod

13 4173 15 4181 a
71 4088 1261 4275 :assuesceres'secredstetere„nv

70 4227 217 4359 ἓξὲξᾚ
230 4220 890 4360 illitis!elithildisll‘ldtblll
903 4236 1036 4361 mi
1049 4228 1262 4358 illitis„

71 4379 118 4413 ars
137 4362 264 4413 iaculaudi
282 4363 313 4413 ab
331 4370 388 4432 arte
405 4361 542 4427 sagittandi
559 4362 638 4426 magis
649 4364 730 4431 specie
742 4363 835 4429 differt,
852 4378 926 4433 quem
937 4378 1042 4431 genem
1058 4365 1262 4427 assequentem
