2942 4975
480 290 695 357 AENEIDOS
718 292 798 365 Lllt
819 292 875 356 111.

166 480 215 545 Ε1
239 482 379 543 statuam
402 477 477 541 aute
499 494 572 541 aras
595 483 708 541 aurata
728 477 837 543 ironte
857 478 1035 559 iuvencum,

167 564 385 639 Gaudentem,
407 561 593 643 pariterque
615 566 711 644 caput
733 580 805 627 cum
827 567 931 628 matre
951 563 1126 645 ferentem,-

166 650 241 713 Iam
264 666 364 712 cornu
385 651 477 729 petat
499 651 532 719 et
553 646 689 727 pedibus
711 648 767 728 qui
788 652 920 730 spargat
942 667 1080 714 arenam.

75 733 145 799 630
167 732 284 800 Audiit
306 737 341 797 et
362 732 443 796 caeli
466 730 601 796 Genitor
623 732 663 796 de
684 738 779 814 parte
801 751 917 797 serena

167 817 320 883 Intonuit
340 817 481 895 laevnm3
505 821 599 881 sonat
621 836 685 881 una
706 815 817 882 fatifer
838 835 939 883 arcum

167 902 296 983 Effugit
316 901 511 966 horrendum
534 900 673 965 stridens
697 903 837 967 adducta
857 902 984 984 sagitta,

167 988 299 1069 Perque
322 990 418 1068 caput
439 986 566 1051 Remuli
588 987 676 1052 venit
699 991 733 1051 et
755 1006 832 1052 cava
853 991 1000 1068 tempora
1019 986 1105 1052 ferro

169 1072 314 1137 Traiicit.
357 1071 387 1148 l,
408 1070 514 1135 verbis
535 1071 689 1136 virtutem
711 1072 821 1137 inlude
843 1072 1003 1154 superbis!

78 1158 146 1225 635
167 1158 227 1223 Bis
252 1156 337 1238 eapti
358 1156 501 1237 Phryges
523 1156 602 1221 haec
623 1157 752 1221 Rutulis
773 1175 928 1238 responsa
948 1157 1127 1223 remittunt

168 1243 244 1307 Hoc
266 1246 392 1306 tantum
414 1240 585 1320 Ascanius3
609 1241 724 1306 Teucri
748 1243 886 1307 clamore
908 1247 1087 1323 sequuntur

168 1327 378 1407 Laetitiaque
400 1324 542 1391 fremunt
563 1326 750 1407 animosque
772 1328 812 1392 ad
834 1327 941 1392 sidera
961 1328 1089 1394 tollunt

168 1412 327 1478 Aetheria
348 1415 417 1477 tum
438 1409 522 1475 forte
544 1412 640 1493 plaga
661 1412 794 1476 crinitus
816 1412 933 1494 Apollo

169 1497 321 1579 Desuper
342 1496 499 1561 Ausonias
522 1496 607 1561 acies
628 1496 806 1577 urbemque
826 1497 965 1575 videbat,

81 1581 149 1646 640
170 1582 267 1647 Nube
290 1582 418 1659 sedens,
441 1584 538 1661 atque
560 1582 609 1645 his
630 1582 785 1647 victorem
807 1581 935 1647 adfatur
956 1582 1074 1647 Iulum:

170 1667 281 1733 Macte
303 1685 386 1731 nova
406 1665 541 1745 virtute,
562 1684 657 1748 puer;
680 1667 725 1731 sic
747 1667 813 1731 itur
835 1668 876 1731 ad
898 1674 992 1746 astra,

169 1752 231 1819 Dis
254 1752 362 1834 genite
386 1755 420 1815 et
441 1751 587 1832 geniture
611 1752 696 1816 deos.
740 1753 815 1817 lure
837 1752 942 1817 omnia
963 1752 1049 1817 bella

171 1838 280 1903 Gente
303 1836 361 1901 sub
383 1836 530 1901 Assaraci
551 1835 619 1902 fato
641 1842 777 1902 ventura
798 1838 956 1916 resident,

169 1922 242 1987 Nec
264 1926 298 1987 te
320 1920 417 1986 Troia
438 1921 531 2002 capit.
575 1921 676 1987 Simul
698 1922 779 1987 haec
801 1920 915 1989 effatus
937 1922 977 1987 ab
1000 1922 1066 1987 alto

83 2006 149 2071 645
170 2007 316 2074 Aethere
338 2024 373 2071 se
395 2006 509 2084 mittit,
532 2006 681 2088 spirantis
703 2008 844 2072 dimovet
866 2026 968 2087 auras,

171 2091 409 2171 Ascaniumque
431 2090 522 2173 petit
565 2091 713 2156 Formam
736 2097 805 2155 tum
827 2092 966 2156 vertitur
987 2092 1051 2157 oris

171 2177 351 2258 Antiquom
372 2176 406 2241 in
428 2176 543 2241 Buten.
588 2168 649 2241 Hic
671 2176 834 2241 Dardanio
856 2176 1016 2243 Anchisae

171 2262 322 2343 Armiger
343 2265 418 2325 ante
440 2260 502 2325 fuit
523 2259 668 2343 fidusque
690 2262 732 2326 ad
754 2262 865 2326 limina
886 2265 1008 2332 custos:

172 2348 257 2412 Tum
279 2345 428 2411 comitem
449 2346 586 2411 Ascanio
608 2351 702 2428 pater
723 2346 855 2411 addidit.
898 2346 972 2411 ibat
992 2346 1108 2428 Apollo

85 2430 150 2497 650
173 2431 290 2498 Omnia
311 2432 467 2512 longaevo
490 2431 615 2512 similis,
637 2450 813 2514 vocemque
837 2431 1041 2514 coloremque

171 2519 216 2583 Et
240 2517 336 2583 crinis
359 2517 448 2582 albos
472 2522 506 2581 et
527 2536 622 2582 saeva
643 2518 811 2582 sonoribus
833 2536 930 2595 arma,

171 2605 281 2685 Atque
302 2601 351 2666 his
374 2603 540 2667 ardentem
564 2602 657 2667 dictis
679 2601 809 2668 adfatur
830 2602 947 2667 Iulum:

172 2688 224 2755 Sit
246 2687 337 2767 satis,
359 2687 497 2766 Aenide,
520 2687 595 2754 telis
616 2687 735 2770 inpune
758 2687 940 2752 Numanum

87 2881 133 2932 116.
151 2881 177 2948 3,
194 2881 269 2948 2831
305 2875 568 2949 6261666111ὼὸ
588 2876 646 2946 661
680 2881 739 2934 627.
762 2898 821 2933 aar.
838 2883 892 2948 fr,
913 2882 944 2933 61.
968 2883 1038 2933 llorn.
1057 2883 1149 2951 odyss.
1167 2880 1192 2946 3,
1209 2879 1269 2934 384.

89 2949 230 3014 Τί6.4,1,
249 2947 289 3000 15.
341 2947 400 3003 628.
416 2965 441 3016 p.
461 2967 480 3000 c.
500 2967 520 3000 o.
539 2967 574 3001 m.
610 2988 625 3016 .,
644 2952 773 3016 aequalem
790 2946 1096 3015 666161,1666(161166.1
1130 2948 1269 3001 6211611.

88 3014 112 3080 3,
124 3015 179 3087 871
216 3015 276 3070 631.
303 3034 366 3081 666,
384 3035 408 3068 v.
426 3015 454 3081 2,
471 3015 543 3074 6931
596 3017 636 3070 32.
657 3020 783 3080 adducta,
801 3021 910 3070 chordae
927 3021 990 3071 enim
1008 3019 1132 3091 applicpta
1150 3035 1204 3069 cnm
1223 3021 1270 3070 666

87 3086 230 3149 adducitur,
246 3101 272 3137 v.
285 3101 323 3136 vs.
335 3083 410 3149 6061
445 3085 503 3138 633.
520 3100 545 3137 ν.
563 3102 600 3137 vs.
619 3082 694 3144 5881
730 3084 789 3138 634.
807 3090 892 3138 verbis
910 3090 1034 3155 superdea,
1052 3088 1165 3138 similiter
1182 3093 1211 3138 61
1229 3084 1271 3148 10,

90 3149 145 3205 735.
186 3155 251 3207 Sunt
276 3157 339 3218 hae,
369 3161 397 3205 ut
421 3155 457 3204 ait
485 3154 534 3205 Cio.
558 3154 629 3205 0661.
653 3151 687 3206 24
718 3156 906 3218 „immutatione
931 3156 1018 3206 literae
1044 3155 1115 3219 quasi
1142 3156 1270 3221 quaesitae

88 3225 266 3286 venustatoa‚“
288 3223 369 3285 tales,
387 3223 467 3286 qualis
485 3229 549 3273 oret.
567 3222 670 3290 Philipp.
689 3219 714 3285 3,
732 3221 750 3273 9
772 3239 822 3288 „en
839 3230 968 3274 oratore
986 3229 1097 3273 arator
1118 3223 1226 3285 faetus,“
1245 3230 1270 3272 61

87 3287 113 3352 5,
130 3289 148 3341 4
166 3291 409 3353 „commentarii
427 3291 660 3341 commenticii.“
686 3307 711 3340 v.
729 3289 760 3342 G.
779 3290 803 3354 1,
821 3287 895 3360 4791
930 3289 989 3341 636.
1007 3307 1068 3358 aeq,
1086 3297 1270 3356 prosequuntur

88 3357 112 3406 id
130 3357 247 3411 luctum!
283 3356 342 3410 637.
361 3360 525 3420 666661,
544 3359 632 3409 fiducia
650 3375 734 3410 eorum
753 3355 1081 3422 6666166161666666661
1115 3356 1175 3410 638.
1193 3358 1269 3424 Apol·

89 3424 130 3475 lini
148 3436 235 3493 partes
253 3428 409 3477 collaudandi
426 3425 472 3477 luli
491 3428 589 3490 duntur,
607 3435 633 3476 61
650 3428 707 3494 quia
725 3429 774 3477 arti
792 3428 926 3490 sagittandi
943 3433 1041 3493 praeeat
1059 3425 1101 3488 (cl.
1113 3442 1152 3475 vs.
1164 3423 1227 3487 655)
1244 3431 1270 3475 61

89 3495 152 3556 qnod
171 3502 267 3560 gentem
285 3494 371 3546 Iuliam
390 3496 521 3561 praecipuo
540 3496 645 3559 quadani
667 3495 756 3546 lavore
776 3496 993 3546 6616611166-
1011 3498 1139 3557 66661166,
1163 3493 1194 3544 el.
1213 3493 1270 3545 Tib.

90 3558 113 3621 l,
130 3559 156 3625 4,
173 3560 274 3627 376111
309 3561 368 3615 639.
386 3565 451 3624 art,
470 3569 554 3612 castra
573 3561 762 3630 Troianorum!
833 3561 856 3612 1.
874 3578 946 3626 nona,
963 3559 1134 3624 ν.11.8,29.1
1168 3558 1270 3628 64261.

88 3627 207 3694 ¹Spectant
224 3633 285 3682 6666
303 3632 334 3680 66
352 3635 501 3694 Augustum,
519 3632 551 3681 66
569 3631 621 3681 1616
640 3632 760 3695 originem
777 3632 874 3694 generis
886 3632 925 3682 sui
936 3637 1099 3697 repetentem:
1118 3632 1205 3681 merito
1224 3633 1270 3682 666

90 3702 148 3747 1666
165 3700 231 3764 genti
249 3700 357 3762 dabitur,
375 3707 403 3749 ut
420 3700 538 3749 oriundus
557 3713 587 3748 en
606 3715 634 3749 66
654 3700 783 3762 Angustus
802 3701 881 3749 omnia
901 3700 965 3749 66116
984 3699 1066 3760 661611
1086 3700 1111 3749 16
1129 3701 1194 3765 qnod
1212 3716 1269 3766 per-

91 3765 199 3818 1166166
218 3768 334 3834 templum
353 3765 405 3817 Iani
423 3774 464 3818 ter
482 3767 513 3818 ab
532 3781 561 3816 66
580 3767 691 3818 clausurn
709 3767 867 3832 inprimisque
891 3768 922 3817 66
940 3768 1022 3816 civilia
1041 3767 1108 3818 bella
1125 3770 1269 3834 composita,

90 3831 161 3884 ovid.
180 3837 225 3901 llp.
244 3851 275 3885 ex
294 3835 322 3885 P.
336 3833 395 3898 1,2,
408 3831 458 3886 126
477 3834 592 3897 „Clausit
609 3842 634 3885 et
651 3841 754 3886 aeterna
770 3835 849 3884 civica
870 3835 935 3885 66116
953 3834 1053 3903 6666.“1
1087 3832 1146 3886 643.
1165 3842 1270 3900 tasson,

92 3913 115 3948 v.
133 3900 156 3962 1,
174 3899 247 3970 2841
282 3899 340 3966 644,
361 3904 393 3955 Ν,
419 3909 443 3952 16
468 3901 510 3954 Tr.
535 3919 568 3965 6.,
593 3909 663 3954 tanta
687 3919 713 3953 cs
737 3904 843 3964 nirtute,
864 3910 893 3953 61
916 3903 1043 3969 imperium
1066 3904 1158 3957 'l'roiae
1181 3919 1270 3972 parum

91 3971 197 4042 anrplum
216 3972 263 4028 ,1161
288 3972 333 4032 611;
358 3970 485 4038 Philippus
507 3973 539 4021 66
559 3971 727 4021 Alexandrum
752 3971 817 4037 apud
839 3969 964 4023 Plutarch.
984 3971 1003 4022 1.
1021 3987 1044 4037 p.
1062 3969 1113 4022 667
1140 3966 1189 4035 ,,Ὦ
1208 3975 1269 4028 παῖ,

92 4032 162 4097 dorsi
185 4037 294 4102 σεαυτῷ
315 4039 462 4102 βασιλείαν
484 4039 562 4100 ἴσην·
587 4038 756 4089 Μακεδονία
779 4030 834 4103 γάρ
858 4051 890 4088 σε
914 4031 954 4089 οὐ
969 4045 1106 4107 χωρεῐ.“
1129 4069 1162 4080 -
1189 4040 1271 4091 simul

92 4105 196 4171 6116166,
213 4123 239 4158 v.
259 4107 299 4170 10,
317 4104 392 4177 8561
427 4104 486 4158 647.
504 4111 622 4174 Antiqa,
640 4107 671 4156 cl.
691 4107 761 4157 Ennii
772 4105 836 4156 Med.
854 4107 921 4158 val
941 4110 1100 4173 „Antiqua
1117 4111 1202 4160 herilis
1219 4109 1269 4158 666

93 4180 174 4225 eustos
192 4175 331 4242 corporis.“
348 4203 382 4210 -
401 4175 515 4226 Ceterum
533 4191 558 4226 v.
577 4177 605 4226 11.
625 4175 649 4238 2,
667 4172 722 4240 241
759 4171 818 4224 648.
836 4191 860 4224 v.
879 4174 920 4239 10,
932 4173 992 4228 253.
1010 4177 1112 4228 Servius
1129 4178 1269 4239 „Aedituus

93 4236 161 4304 luit,“
231 4244 376 4294 domnsne
392 4246 494 4294 eustasi
562 4245 643 4309 „quod
661 4245 754 4308 ingenti
772 4243 863 4294 honore
881 4246 947 4310 apud
965 4245 1071 4295 maiores
1089 4245 1175 4310 1611.“1
1209 4240 1269 4293 652.

93 4309 200 4376 ardent,
218 4327 336 4362 successu
352 4311 477 4362 incensum
496 4311 527 4361 ad
545 4311 595 4362 alia
613 4312 738 4375 audenda,
764 4310 795 4362 61.
813 4325 852 4362 va.
869 4310 945 4377 6611
977 4310 1105 4366 6536111
1120 4307 1270 4381 ,46666661
