2942 4975
190 320 254 385 314
561 316 595 380 Ρ.
617 314 782 379 VIRGHI
804 312 994 379 MARONIS

191 506 255 571 750
353 505 446 583 .an
470 507 503 567 ct
525 501 687 567 Marruvia
708 501 797 564 venit
818 500 858 563 de
881 503 978 581 gente
1000 499 1158 578 sacerdos,

276 590 404 655 Fronde
427 607 524 669 super
546 586 671 669 galeam
694 588 728 649 ct
749 584 834 649 felici
856 589 1002 665 comptus
1024 584 1116 664 oliva,

276 674 430 755 Archippi
451 672 537 753 regis
559 672 669 750 missu,
693 669 885 734 fortissimus
905 670 1036 748 Umbro,

227 803 231 809 -
278 760 415 842 Vipereo
439 757 549 841 generi
572 761 605 821 et
628 755 767 837 graviter
788 755 983 836 spirantibus
1005 752 1113 836 hydris

277 845 435 928 Spargere
457 842 512 925 qui
535 858 663 906 somnos
686 844 846 921 cantuque
867 858 1027 921 manuque
1049 838 1181 919 solebat,

191 930 255 996 755
276 929 504 1010 Mulcebatque
525 928 589 991 iras
612 930 646 989 et
667 942 791 989 morsus
813 929 882 989 arte
904 924 1040 989 levabat

277 1014 341 1079 Sed
364 1032 428 1077 non
450 1011 632 1077 Dardaniae
654 1010 805 1074 medicari
828 1010 967 1091 cuspidis
988 1009 1089 1073 ictum

276 1099 419 1177 Evaluit,
440 1116 546 1179 aeque
570 1113 639 1160 eum
663 1096 773 1159 iuvere
794 1096 827 1159 in
849 1095 981 1159 volnere
1003 1098 1116 1159 cantus

279 1182 449 1249 somniferi
472 1187 505 1247 et
526 1181 640 1246 Marsis
663 1181 826 1261 quaesitae
847 1180 1010 1244 montibus
1031 1179 1160 1243 herbae.

278 1270 324 1335 Te
346 1285 458 1333 nemus
480 1266 666 1348 Anguaitiae,
688 1265 792 1329 vitrea
813 1269 847 1329 te
868 1265 1008 1329 Faunus
1029 1262 1123 1341 unda,

193 1354 257 1419 760
278 1353 325 1418 Te
346 1352 459 1434 liquidi
480 1351 598 1415 flevere
620 1350 717 1415 lacus

359 1439 432 1503 lbat
454 1441 488 1502 et
509 1436 675 1518 Hippolyti
695 1435 804 1517 proles
827 1433 1041 1516 pulcherrima
1062 1433 1155 1511 bello,

277 1523 420 1601 Virbius,
441 1522 599 1604 insignem
622 1538 717 1602 quem
738 1525 843 1583 mater
863 1519 971 1583 Aricia
991 1518 1085 1596 misit,

277 1608 438 1673 Eductam
459 1607 595 1688 Egeriae
617 1606 697 1669 lucis
718 1604 885 1669 humentia
907 1604 1025 1669 circum

277 1693 402 1771 Litora,
423 1692 550 1773 pinguis
573 1690 627 1754 ubi
650 1694 683 1753 et
704 1689 870 1771 placabilis
893 1707 949 1753 ara
969 1689 1100 1753 Dianae.

194 1777 257 1844 765
278 1778 424 1858 Namque
446 1776 556 1840 ierunt
577 1773 661 1839 fama
683 1773 905 1856 Hippolytum,
920 1778 1102 1855 ,postquam
1122 1775 1194 1837 arte
1216 1788 1378 1840 novercae

255 1899 260 1907 ·
279 1861 442 1927 Occiderit
462 1860 646 1942 patriasque
668 1859 804 1942 explerit
825 1858 979 1940 sanguine
1001 1875 1121 1940 poenas

278 1946 428 2021 Turbatis
450 1946 623 2010 distractus
646 1946 749 2026 equis,
772 1945 813 2008 ad
834 1944 941 2008 sidera
961 1960 1072 2036 rursus

277 2031 432 2096 Aetheria
455 2035 488 2095 et
510 2048 640 2111 superas
663 2030 744 2094 caeli
766 2029 891 2094 venisse
912 2029 972 2093 sub
995 2045 1097 2107 auras,

277 2116 425 2182 Paeoniis
446 2119 630 2180 revocatum
652 2115 759 2180 herbis
782 2118 816 2177 et
837 2132 945 2179 amore
966 2113 1097 2178 Dianae.

193 2198 257 2267 770
279 2201 361 2266 Tum
382 2202 480 2265 Pater
503 2200 716 2282 omnipotenS,
738 2199 877 2281 aliquem
898 2198 1082 2280 indignatus
1105 2198 1144 2262 ab
1165 2196 1288 2263 umbris

261 2286 448 2351 ¹Mortalem
469 2284 603 2350 internis
626 2286 665 2349 sd
687 2285 808 2349 lumina
829 2302 962 2366 surgere
982 2284 1077 2363 vitae,

278 2371 351 2453 Ipse
372 2376 571 2454 repertorem
592 2369 770 2435 medicinae
791 2369 865 2433 talis
888 2374 922 2434 et
944 2369 1022 2434 artis

277 2456 425 2522 Fulmina
447 2456 685 2538 Phoebigenam
708 2455 835 2538 Stygias
858 2455 996 2520 detrusit
1017 2455 1058 2519 ad
1081 2455 1192 2520 undas.

278 2543 322 2608 ht
345 2543 451 2608 Trivia
472 2543 681 2624 Hippolytum
704 2541 837 2606 secretis
860 2542 944 2605 alma
966 2541 1112 2605 recondit

193 2626 257 2691 775
280 2626 415 2692 Sedibus
439 2632 472 2691 et
493 2627 652 2709 nymphae
673 2627 811 2706 Egeriae
833 2626 1019 2707 nemorique
1041 2626 1174 2707 relegat,

194 2768 283 2826 Arm,
308 2761 339 2812 cl.
366 2760 398 2824 9,
422 2759 474 2812 609
497 2758 553 2826 sql
595 2759 653 2814 750.
677 2762 888 2814 Marruvium
917 2763 979 2813 urbs
1006 2763 1161 2823 Marsorum,
1189 2760 1266 2812 Silius
1296 2760 1327 2811 la
1353 2759 1381 2825 8,

193 2829 268 2891 5071
303 2827 361 2879 751.
380 2845 404 2879 v.
429 2828 458 2879 G.
478 2827 503 2892 1,
521 2827 572 2880 173
593 2839 619 2880 et
639 2826 665 2893 6,
682 2827 756 2894 2301
791 2827 849 2880 752.
868 2832 890 2879 Α
908 2831 1026 2899 Marsya,
1048 2831 1111 2880 duce
1127 2830 1150 2880 Ι,
1169 2830 1271 2892 dorum,
1292 2830 1380 2881 seruat

192 2898 292 2949 Marsos
310 2912 397 2948 nomen
415 2899 539 2960 traxisse3
563 2900 627 2948 huuc
644 2898 758 2966 oppidum
776 2898 968 2964 Archippen,
990 2899 1122 2966 postlata
1160 2899 1231 2948 acino
1250 2899 1380 2961 haustum,

192 2967 354 3028 condidisset
390 2962 440 3016 753
458 2981 510 3031 sqq.
530 2965 566 3016 lle
585 2967 631 3016 hac
647 2966 789 3017 Marsorum
806 2968 896 3032 peritia
907 2967 984 3018 Silius
995 2966 1022 3032 8,
1032 2964 1083 3018 497
1093 2983 1138 3032 sqq
1165 2973 1258 3029 „norat
1266 2965 1379 3017 Marsica

192 3036 272 3101 pubes
283 3034 317 3083 Et
328 3033 424 3083 bellare
441 3049 515 3084 manu
532 3042 559 3085 et
569 3034 695 3097 chelydris
714 3042 817 3084 5555555
834 3051 949 3100 soporem
961 3035 1144 3103 Vipereumque
1155 3035 1239 3085 herbis
1257 3036 1379 3085 hebetare

193 3110 220 3153 et
237 3103 345 3152 carmine
363 3103 470 3152 dentem.
499 3105 594 3154 Aeetae
612 3104 705 3168 prolem
717 3104 898 3167 Anguitiarn
911 3103 1055 3170 (Medeam)
1067 3103 1133 3154 mala
1145 3103 1260 3166 gramina
1271 3105 1379 3168 primam

193 3171 377 3224 Monstravissc
389 3168 448 3236 (iis)
461 3169 546 3222 ierunt
563 3178 702 3236 tactuque
719 3172 822 3221 domare
839 3171 975 3236 venena.“l
1011 3169 1069 3224 754.
1085 3186 1177 3238 sparso
1188 3186 1318 3238 papavere
1334 3177 1381 3222 aut

193 3239 322 3300 medicatis
339 3238 462 3303 frugibus,
480 3236 505 3304 6,
522 3237 582 3302 420,
599 3247 651 3290 tum
671 3240 781 3290 adhibita
799 3241 966 3291 incantatione
984 3243 1068 3358 sofire
1083 3241 1199 3307 viperas,
1215 3255 1241 3289 v.
1261 3238 1287 3303 1,
1303 3233 1380 3305 4261

194 3303 252 3360 755.
271 3311 305 3360 M
307 3308 438 3358 dicebat
453 3322 570 3360 manuum
588 3315 712 3371 contactu,
729 3308 805 3358 Silius
822 3309 840 3358 l,
858 3309 875 3357 l.
894 3315 920 3358 et
936 3310 962 3372 1,
972 3306 1005 3359 41
1037 3325 1073 3375 sq.
1092 3307 1163 3372 „Nec
1179 3325 1228 3358 uon
1246 3316 1379 3375 serpentes

195 3379 249 3428 dira
267 3390 401 3428 exarmare
418 3391 513 3427 veneno
531 3377 624 3427 Doctus
643 3376 709 3443 htyr
727 3380 875 3442 tactuque
892 3392 986 3441 graves
1004 3379 1087 3444 sopire
1105 3373 1281 3445 chelydros.“l
1317 3372 1377 3427 756.

193 3445 224 3499 ol.
243 3442 285 3510 10,
302 3441 353 3495 544
403 3441 425 3562 ,1
458 3441 514 3496 759.
534 3460 559 3496 v.
577 3445 604 3494 ll.
619 3442 643 3508 1,
655 3442 711 3498 391
746 3442 805 3497 760,
825 3445 901 3495 lacus
919 3447 962 3498 alii
979 3453 1081 3514 praeter
1096 3444 1237 3509 Fucinum!
1274 3441 1335 3494 761.
1352 3459 1378 3492 v.

131 3524 135 3532 '
193 3511 338 3578 115301
375 3510 389 3563 7
427 3511 568 3564 .Notabile
587 3513 625 3563 hic
643 3520 691 3575 est,
709 3513 774 3577 quod
790 3520 878 3562 contra
895 3517 1003 3579 pn'scam
1020 3514 1221 3565 consuetudinem
1234 3519 1309 3578 pater
1328 3515 1378 3574 (vs.

195 3579 256 3643 777)
279 3581 395 3632 acilius
422 3583 506 3632 eodem
531 3582 610 3634 Virbii
637 3582 734 3631 nomine
762 3582 932 3648 appellitatum
958 3599 1014 3633 nam
1033 3597 1096 3648 quae
1120 3589 1239 3649 paster-ea
1261 3583 1320 3632 eius
1342 3581 1380 3630 rei

195 3650 309 3715 exempla
327 3649 485 3716 reperiuntur
502 3652 567 3717 apud
585 3651 751 3717 mythologos,
770 3664 800 3699 ea
817 3651 878 3700 nihil
889 3652 997 3718 probant
1007 3658 1094 3702 contra
1108 3665 1194 3702 veram
1207 3650 1381 3714 sinceramque

194 3717 374 3780 antiquitatem.
385 3745 419 3756 -
431 3721 564 3784 insignem
598 3725 643 3768 uta
661 3719 743 3784 specie
760 3734 893 3769 armorum.
905 3725 1041 3783 -mater‚
1058 3721 1141 3786 patria
1159 3720 1231 3781 urbs,
1248 3725 1278 3769 ut
1298 3718 1381 3783 Popu-

195 3784 264 3864 lqm'u
279 3784 444 3864 55575510,
468 3784 540 3846 1721
576 3733 634 3836 763.
659 3789 718 3838 ca'ro.
742 3786 808 3852 tit,
831 3789 862 3838 ad
885 3788 966 3838 lacum
989 3788 1136 3854 Antinum!
1178 3783 1234 3838 764
1256 3789 1383 3852 paugua's,

193 3857 301 3902 vrctums
318 3853 456 3918 abundans,
470 3855 609 3921 placabilia
628 3870 689 3918 ara,
708 3856 766 3920 quia
783 3856 839 3919 dea,
856 3858 895 3908 cui
914 3871 988 3908 sacra
1006 3857 1069 3907 liunt
1084 3857 1108 3906 in
1127 3869 1158 3905 ea
1175 3869 1231 3919 ara,
1249 3853 1383 3920 placabilis

195 3925 248 3980 est;
271 3926 347 3984 atque
368 3921 404 3972 ita
427 3923 582 3990 appellatur,
604 3939 653 3988 quo
675 3925 846 3988 distinguatur
868 3927 900 3976 ab
921 3926 1021 3975 immani
1043 3925 1088 3974 illa
1105 3923 1230 3986 Taurica,
1254 3923 1383 3988 adquam

196 3989 306 4054 hospites
328 3991 434 4039 mactari
460 3989 594 4053 solebant!
635 3988 694 4042 765.
717 3996 859 4055 nouercae,⁴
877 3990 1029 4054 Phaedrae!
1071 3988 1130 4044 766.
1153 3991 1258 4057 explere
1278 3992 1382 4058 proprie

193 4057 299 4108 doinus
317 4056 389 4119 iram,
407 4057 446 4106 cui
465 4058 645 4119 satisfacturum
664 4061 776 4124 explevit
791 4061 868 4124 igitur
880 4062 976 4127 patrias
988 4077 1082 4127 poenas
1095 4059 1245 4127 Hippolytus
1257 4075 1298 4122 eo,
1316 4058 1382 4124 quod

195 4124 259 4175 satis
283 4123 351 4174 dedit
371 4125 424 4174 irae
448 4128 527 4191 patris
549 4126 640 4176 Thesei
680 4142 757 4177 oenas
780 4128 828 4178 lilio
849 4130 1006 4194 irroganda}
1048 4127 1098 4181 767
1117 4145 1153 4194 sq.
1179 4129 1217 4180 ud
1237 4129 1329 4178 nidera

195 4207 291 4256 auras,
307 4194 323 4244 i.
343 4207 364 4241 e.
384 4193 517 4257 revixisse,
534 4193 565 4243 cl.
583 4210 622 4244 vs.
641 4143 699 4244 771.
718 4194 744 4259 6,
762 4193 819 4245 719.
839 4193 889 4246 761
903 4197 954 4263 sql
989 4193 1048 4248 769.
1065 4213 1090 4247 v.
1104 4195 1130 4260 5,
1141 4194 1201 4250 969.
1217 4224 1253 4234 -
1264 4197 1383 4258 Dianae,

133 4298 138 4308 .
195 4276 268 4328 quae,
285 4260 358 4327 quasi
375 4267 482 4326 patrona
500 4263 621 4327 quaedam
640 4264 768 4313 castitatis
785 4269 812 4313 et
828 4267 970 4331 pudicitiae,
989 4267 1051 4317 banc
1069 4269 1168 4318 veniam
1185 4267 1218 4316 ab
1230 4264 1382 4329 Aesculapio

195 4327 294 4396 petiitl,
323 4326 382 4380 776.
400 4329 537 4396 Phoebig,
559 4328 759 4397 Aesculapium!
793 4329 851 4384 774.
874 4332 977 4397 Trebia,
999 4349 1024 4384 v.
1047 4349 1086 4385 vs.
1104 4330 1177 4395 5161
1212 4331 1272 4386 775.
1291 4333 1324 4383 ei,
1341 4347 1381 4382 vs.
