2942 4975
222 316 266 383 aa
598 315 632 379 r.
655 288 820 380 vinoun
841 314 1033 381 nunonis

310 503 458 585 Namque
482 502 629 581 canebat,
651 502 698 567 uti
721 499 871 585 magnum
894 522 954 585 per
972 503 1069 569 inane
1091 509 1203 570 coacta

311 588 440 653 Semina
461 592 683 669 terrarumque
705 587 893 669 animaeque
915 588 1075 670 marisque
1097 587 1235 656 imment

309 675 352 739 Et
374 672 486 755 liquidi
508 672 601 737 simul
623 673 719 754 ignis,
744 672 851 737 uthis
875 672 1005 738 exordia
1025 673 1136 756 primis

311 758 426 824 Omnia
449 758 570 841 etipse
591 762 685 822 tener
707 756 817 821 mundi
840 758 1039 823 concreverit
1061 758 1161 839 orbis,

246 844 289 910 35
312 844 392 909 Turn
415 844 531 909 durare
554 843 655 908 solum
680 848 713 907 et
735 842 914 907 discludere
935 843 1043 909 Nerea
1064 849 1163 926 ponto

312 928 462 1013 Coeperit
484 934 518 993 et
539 947 645 993 rerum
667 928 820 1009 paulatim
843 946 968 993 sumere
990 927 1121 1009 formas;

311 1015 442 1096 Iamque
464 1032 581 1077 novum
604 1017 710 1078 terrae
733 1018 885 1096 stupeant
906 1014 1069 1079 lucescere
1091 1014 1192 1080 solem

309 1099 429 1178 Altius,
451 1103 547 1179 atque
570 1098 686 1163 cadant
708 1098 863 1163 submotis
885 1096 1022 1165 nubibus
1043 1099 1176 1179 imbres;

311 1184 471 1266 Incipiant
493 1182 590 1248 silvae
614 1202 684 1247 cum
707 1183 844 1265 primum
868 1202 1012 1265 surgere,
1035 1203 1169 1267 cumque

246 1268 290 1335 40
312 1270 396 1334 Rara
417 1287 475 1351 per
496 1268 624 1351 ignaros
649 1273 758 1335 errent
779 1268 929 1333 animalia
950 1269 1077 1334 montis.

311 1354 394 1419 Hinc
416 1352 539 1435 lapides
560 1353 700 1435 Pyrrhae
721 1354 837 1433 iactae,
860 1352 1010 1420 Saturnia
1030 1372 1138 1435 regna,

313 1438 543 1520 Caucasiasque
565 1438 667 1505 refert
687 1439 835 1503 volucres
856 1438 1040 1521 furtumque
1061 1439 1255 1505 Promethei.

312 1524 380 1589 His'
394 1523 551 1605 adiungit,
573 1524 679 1605 Hylan
700 1529 818 1589 nautae
839 1543 903 1605 quo
925 1522 1015 1589 fonte
1036 1524 1185 1590 relictum
1208 1530 1212 1543 '

314 1609 525 1689 Clamassent,
547 1614 583 1674 ut
605 1609 693 1689 litus,
716 1609 812 1691 Hyla,
834 1609 930 1691 Hyla,
952 1627 1045 1674 omne
1067 1615 1211 1691 sonaret,

247 1693 291 1759 45
313 1696 356 1760 Et
377 1693 587 1773 fortunatam,
610 1695 635 1759 si
659 1713 831 1776 numquam
854 1700 999 1759 armema
1020 1693 1163 1774 fuissent,

313 1780 489 1861 Pasiphaen
514 1779 598 1843 nivei
621 1780 743 1844 solatur
765 1798 873 1845 amore
895 1779 1029 1844 iuvenci.

313 1864 378 1943 Ab,
400 1863 489 1945 virgo
510 1862 633 1943 infelix,
656 1883 738 1946 quae
761 1870 793 1930 te
816 1865 977 1929 dementia
999 1865 1096 1948 cepit!

314 1949 482 2015 Proetides
505 1949 669 2031 inplerunt
689 1948 778 2015 falsis
800 1950 974 2032 nrugitibus
996 1968 1098 2030 agree,
1296 2019 1341 2030 κη

314 2036 358 2099 At
380 2052 444 2098 non
467 2038 532 2099 tam
555 2033 656 2116 turpis
678 2035 837 2116 pecudum
859 2040 966 2101 tamen
988 2035 1055 2100 ulla
1076 2038 1187 2101 secuta
1209 2040 1261 2101 est
1306 2066 1310 2077 ·

250 2120 293 2185 50
316 2118 524 2199 Concubitus,
547 2119 689 2201 quamvis
712 2119 792 2185 collo
814 2118 972 2185 timuisset
995 2125 1136 2185 aratrum

315 2206 360 2269 Et
381 2223 476 2287 saepe
497 2204 530 2268 in
551 2204 614 2270 levi
637 2205 816 2287 quaesisset
837 2224 956 2272 cornua
977 2204 1093 2272 fronte.

315 2290 380 2370 Ab,
401 2290 490 2373 virgo
511 2289 634 2369 infelix,
657 2295 693 2355 tu
714 2290 854 2356 nuncin
876 2290 1037 2356 montibus
1060 2309 1160 2356 erras:

232 2428 355 2479 lemarus
374 2434 467 2479 montes
487 2423 632 2494 Thraciae}
659 2425 691 2477 31
711 2444 764 2494 sqq.
784 2428 856 2478 Canit
873 2428 916 2477 Sil.
935 2429 1037 2494 primum
1057 2444 1138 2479 rerum
1157 2428 1261 2477 omnium
1280 2427 1415 2492 originem

232 2512 280 2563 qua
298 2498 321 2548 in
341 2514 368 2548 re
386 2504 458 2563 poeta
470 2497 602 2563 Epicurum
616 2499 734 2562 sequitur.
747 2525 776 2534 —
799 2498 867 2548 Duas
880 2512 920 2546 res
933 2513 949 2547 a
960 2499 1077 2564 principio
1090 2497 1167 2548 luisse
1177 2498 1267 2547 statuit
1278 2497 1418 2563 Epicurus.-

232 2567 371 2632 spatium
385 2563 528 2631 (abagarum
546 2569 632 2628 inune,
650 2557 682 2614 τὸ
702 2559 823 2630 ἄπειρον
839 2556 936 2632 κενόν)
955 2573 980 2616 et
997 2575 1124 2616 atomos.
1151 2566 1226 2616 lnane
1244 2565 1415 2616 diciturillud
1463 2594 1464 2605 κ

233 2635 339 2701 spatium
358 2635 401 2696 ita,
420 2642 448 2685 ut
465 2633 590 2683 continere
607 2635 703 2698 quidem
723 2641 818 2684 atomos
837 2641 980 2700 putaretur,
998 2637 1040 2685 sed
1059 2650 1101 2684 eas
1120 2636 1187 2701 ipsas
1205 2640 1255 2683 tarn
1276 2641 1369 2696 tenues,
1388 2640 1416 2684 ut
1463 2636 1464 2639 ’

232 2702 311 2752 oculis
330 2703 395 2751 cerni
413 2700 480 2751 nullo
498 2702 570 2750 modo
583 2709 690 2767 possent,
709 2702 814 2767 spatium
827 2703 903 2766 igitur
915 2703 975 2752 illud
988 2719 1091 2754 vacuum
1105 2719 1160 2754 esse
1171 2703 1305 2752 videretur.
1332 2703 1420 2752 Atomi

232 2772 296 2820 inter
314 2785 341 2819 se
359 2776 429 2818 crunt
447 2775 540 2820 temere
557 2770 658 2833 mixtae,
677 2770 782 2819 nondum
801 2778 925 2829 secretae;
951 2771 1011 2822 baec
1028 2778 1086 2822 sunt
1103 2772 1147 2822 illa
1164 2772 1188 2820 in
1205 2786 1278 2821 unum
1297 2777 1416 2820 coacta

233 2853 314 2888 rerum
338 2838 461 2888 semina.
498 2836 578 2888 Certis
597 2845 677 2888 autem
696 2839 846 2903 paribusque
864 2847 1000 2890 atomorum
1019 2842 1149 2904 generibus
1167 2839 1286 2905 paulatim
1305 2839 1372 2888 inter
1390 2855 1421 2889 se

232 2906 375 2956 coeuntibus
389 2907 544 2969 exstiterunt,
559 2922 621 2971 quae
633 2906 708 2971 vulgo
722 2907 838 2957 dicuutur
849 2908 968 2958 elementa
979 2925 1070 2972 rerum,
1083 2909 1154 2973 ignis,
1165 2923 1239 2974 aqua,
1253 2921 1306 2969 aer,
1320 2905 1416 2976 terra!

233 2971 274 3026 32.
289 2975 403 3035 andriace,
423 2974 499 3032 acris,
519 2977 611 3037 maret,
624 2975 725 3043 aquae!
752 2973 794 3026 33.
807 2975 907 3042 liquidi,
925 2983 1011 3043 utpote
1022 2993 1053 3026 ex
1065 2977 1203 3028 tenerrimis
1215 2976 1305 3025 atomis
1318 2977 1417 3025 orti.-

232 3045 340 3112 prc'mis,
364 3043 488 3108 principiis
506 3059 526 3094 s.
546 3039 649 3093 materii
667 3060 762 3106 rerum,
786 3045 850 3094 unde
868 3046 966 3094 ductum
985 3062 1054 3096 omne
1072 3046 1165 3096 initium
1184 3060 1280 3108 rerum,
1303 3045 1417 3095 emordiu

232 3109 343 3180 onrnraq
369 3109 411 3162 34.
430 3115 510 3170 tener,
529 3126 553 3160 v.
571 3127 610 3161 vs.
628 3108 671 3162 33,
688 3139 722 3148 —
740 3113 837 3163 uaecordi
852 3115 929 3176 orbis,
946 3114 1049 3177 caelum,
1066 3130 1091 3164 v.
1109 3111 1135 3177 4,
1152 3107 1209 3176 5οΙ
1241 3109 1283 3164 35.
1303 3113 1421 3173 durare,

234 3181 372 3232 durescere.
396 3206 429 3214 -
453 3176 552 3244 Nerea,
576 3180 593 3229 i.
611 3196 634 3244 q.
654 3196 741 3245 aquas.
763 3209 797 3217 —
820 3181 891 3232 disci.
909 3186 997 3248 punto,
1022 3183 1143 3234 discretas
1167 3182 1293 3231 includere
1316 3183 1389 3230 mari.
1409 3181 1417 3245 Ι

232 3245 274 3301 38.
293 3249 399 3310 Altius,
427 3247 514 3313 quippe
539 3261 554 3296 a
576 3256 645 3299 terra
669 3256 811 3316 separatum
829 3247 934 3316 (solem)
952 3256 977 3299 et
994 3249 1083 3302 altiore
1101 3253 1154 3301 loco
1173 3250 1287 3316 positum.
1323 3249 1419 3316 Nempe

233 3332 296 3383 quae
321 3323 378 3367 ante
402 3316 496 3365 sociata
520 3322 591 3366 erant
615 3318 755 3382 mixtaque,
788 3333 817 3368 ea
840 3334 902 3368 nunc
926 3326 982 3368 sunt
1005 3319 1140 3382 disiuncta,
1164 3333 1268 3383 quornm
1292 3317 1344 3368 alia
1368 3319 1419 3367 iam

232 3386 360 3449 altiorem,
387 3383 437 3434 alia
464 3383 602 3434 inferiorem
629 3393 711 3436 tenent
742 3386 834 3444 lacuum
866 3391 941 3451 atque
972 3387 1028 3438 huie
1055 3389 1139 3439 altius
1166 3387 1315 3452 respondent
1341 3387 1421 3436 sud-

233 3457 337 3504 motae
355 3455 452 3516 caudes,
476 3468 574 3502 sursum
594 3462 695 3506 evectae
714 3451 831 3518 scilicet!
863 3451 905 3506 39.
924 3459 996 3506 canit
1013 3471 1072 3506 cum
1092 3459 1217 3523 iracipiant
1232 3470 1274 3521 pr.
1292 3470 1422 3520 surgere,

233 3523 298 3572 canit
317 3528 447 3586 surgentes
467 3521 558 3583 silvas,
577 3538 595 3572 s.
616 3523 733 3585 originem
753 3519 897 3589 silvarum!
927 3520 969 3574 40.
988 3526 1115 3591 ignaros,
1134 3530 1250 3590 expertes
1269 3528 1347 3573 antea
1364 3524 1419 3573 eni-

231 3586 353 3657 malium}
386 3588 419 3641 41
439 3605 475 3655 sq.
500 3591 531 3640 dc
553 3591 638 3641 ordine
656 3606 740 3640 recum
762 3606 786 3640 v.
805 3592 833 3641 Α.
854 3589 894 3652 10,
913 3589 954 3643 38.
972 3619 1005 3629 ·-
1023 3591 1152 3643 Saturnia
1170 3607 1266 3657 regna,
1290 3591 1421 3642 maculam

232 3673 348 3720 auraum3
367 3673 391 3708 v.
404 3655 429 3721 4,
442 3655 466 3708 6.
485 3658 600 3709 Ceterum
619 3659 771 3724 probabilius
790 3665 828 3709 cst
847 3659 976 3723 Virgilium
988 3659 1165 3728 Suturrp'uque
1181 3676 1203 3710 r.
1216 3660 1357 3726 scripsisse.
1380 3659 1418 3710 cf.

233 3727 305 3777 Ovid.
318 3725 377 3776 Met.
392 3725 416 3786 1,
429 3722 591 3792 348-4151
617 3724 659 3777 42.
678 3726 840 3778 Prometheus
859 3727 937 3791 ignem
957 3728 1009 3778 lovi
1028 3727 1124 3782 iuratus
1143 3730 1248 3779 dederat
1264 3728 1422 3789 bominibus3

233 3800 385 3864 quapropter
407 3793 472 3846 lovis
496 3796 564 3846 iussu
586 3794 696 3846 Caucaso
721 3795 813 3846 affixus
838 3803 887 3856 est;
911 3797 994 3862 aquila
1016 3804 1100 3848 autem
1123 3795 1231 3863 quotidie
1253 3796 1336 3846 iecore
1355 3797 1421 3859 cius,

232 3879 277 3931 per
295 3869 390 3913 noctem
410 3879 498 3914 rursus
516 3870 650 3926 crescente,
669 3865 826 3914 vescebatur.
844 3892 879 3901 -
898 3862 974 3914 Cauc.
992 3865 1118 3918 rodum-es:
1136 3865 1238 3928 Florali,
1256 3869 1284 3914 ut
1302 3864 1377 3926 solet,
1395 3865 1421 3913 in

233 3931 446 3982 circumlocutione
464 3947 524 3982 usus
542 3947 637 3982 urium
655 3933 776 3996 significat
795 3932 901 3996 aquilam
920 3939 1005 3999 poeta3
1024 3949 1049 3983 v.
1067 3933 1091 4000 3,
1109 3932 1154 4001 7.Ι
1180 3929 1215 3983 43
1233 3948 1270 3998 sq.
1290 3931 1351 3982 Cum
1368 3934 1419 3982 Ar-

232 4001 348 4065 gonautis
366 4000 389 4050 in
403 3999 542 4050 Colchidem
556 4001 676 4064 navigans
688 4000 808 4051 Hercules
820 4000 911 4068 leau,
929 4018 1031 4067 puerum
1051 4019 1066 4053 a
1084 4020 1112 4053 se
1130 4010 1247 4063 amatum,
1266 3999 1420 4068 aNympbis

234 4075 331 4136 raptum
350 4067 453 4138 amisit}
487 4065 528 4118 46.
547 4069 707 4134 Pomptinam,
731 4085 834 4119 urorum
852 4067 953 4133 Minois,
970 4080 1074 4123 matrem
1094 4070 1233 4122 Minotauri.
1251 4097 1285 4105 -
1304 4069 1422 4131 solatur,

233 4138 299 4188 cauit
312 4137 450 4204 Pasiphaen
469 4151 496 4188 se
514 4151 598 4186 amore
618 4137 683 4188 tauri
701 4137 830 4200 solantem,
847 4136 863 4185 i.
876 4153 896 4186 e.
915 4137 1030 4189 solatium
1049 4141 1087 4190 sni
1104 4139 1202 4190 ardoris
1220 4144 1245 4187 et
1264 4135 1420 4202 voluptatem

233 4221 266 4258 ex
285 4221 369 4256 amore
389 4205 455 4258 tauri
474 4220 502 4255 ca
521 4205 617 4254 iontem.
653 4203 747 4256 Poetae
764 4205 812 4272 ipsi
830 4203 912 4254 lacere
931 4207 1244 4274 dicuntur,quodlirctun1
1264 4212 1367 4266 canunt3
1388 4205 1421 4254 ci.

235 4291 273 4325 vs.
292 4273 326 4328 62
344 4290 380 4340 sq.
405 4273 434 4325 Ε.
454 4271 478 4336 9,
497 4221 553 4335 iit!
586 4269 628 4324 47.
648 4275 722 4338 virge
745 4272 784 4323 bic
807 4273 903 4324 daiam
922 4282 1011 4340 nupta,
1034 4277 1092 4326 item
1113 4275 1216 4343 puella,
1242 4271 1271 4322 G.
1290 4270 1316 4336 4,
1332 4271 1393 4326 458.

235 4340 279 4397 48.
297 4342 390 4408 Proeti,
409 4341 475 4406 regis
495 4341 628 4409 Tiryntbii,
646 4341 712 4391 liliae
731 4342 880 4392 insanientes
899 4341 921 4390 iu
940 4357 1032 4394 uaccas
1050 4353 1161 4396 mutatae
1179 4341 1227 4393 sibi
1243 4341 1401 4392 videbantur.
