2942 4975
16 324 26 443 ³,
107 443 113 453 ,
230 350 291 426 tot
484 454 486 461 Ι
596 358 630 421 r.
653 356 817 457 vunerm
838 343 1028 422 munuum

312 546 430 614 Oscula
450 543 561 609 libavit
582 542 692 622 debus,
715 543 830 608 dehine
851 543 930 608 tello
950 542 1051 609 fatur:

313 633 413 697 Parce
435 633 537 708 metu,
559 628 730 711 Cytherea,
753 634 884 694 manent
904 630 1026 695 inmota
1047 635 1176 695 tuorum

285 718 393 799 ,Fata
415 714 485 794 tibi;
509 725 619 779 cernes
641 714 753 778 urbem
776 719 810 779 et
829 714 986 796 promissa
1006 716 1119 780 Latini

310 800 451 879 Moenia,
473 800 704 881 sublimemque
725 798 810 863 feres
832 799 873 864 ad
895 800 1001 865 sidera
1024 801 1104 865 caeli

226 886 290 953 260
309 885 547 968 Magnanimum
568 886 713 964 Aeneam
739 897 843 966 neque
864 898 916 949 me
937 886 1101 950 sententia
1121 886 1228 954 vernt
1291 920 1294 925 ·
1455 961 1456 966 ,

310 972 372 1037 Hic
394 970 453 1035 tibi
473 1006 517 1017 -
537 964 629 1034 labor
652 970 749 1048 enim,
771 970 898 1051 mando
919 970 999 1035 haec
1021 976 1055 1035 te
1077 988 1154 1035 cura
1173 972 1345 1053 remordet,
1455 1015 1456 1030 t

311 1056 453 1138 Longius
476 1060 511 1120 et
530 1056 662 1120 voltous
683 1054 823 1120 istorum
845 1065 963 1121 ereans
983 1055 1118 1121 movebo
1140 1093 1185 1104 —

309 1142 436 1211 Bellum
458 1141 571 1222 ingens
593 1143 685 1222 geret
706 1134 801 1205 ltalia
821 1142 1021 1223 populusque
1043 1136 1159 1206 ierocio

311 1226 507 1305 Contundet‚
528 1236 698 1307 moresque
720 1226 795 1290 viris
819 1230 853 1290 ot
873 1228 1000 1291 moenio
1021 1231 1129 1308 ponet,

224 1312 288 1377 265
310 1311 420 1379 Tertia
441 1310 517 1375 dum
538 1304 631 1375 Latio
654 1314 844 1393 regnantem
864 1311 982 1398 viderit
1003 1316 1116 1391 aestas,

261 1398 273 1411 “
310 1398 479 1477 Terraque
501 1396 689 1461 transierint
710 1397 837 1461 Rutulis
858 1396 992 1463 hiberna
1013 1397 1161 1462 subactis.

309 1482 355 1547 At
375 1494 455 1563 puer
475 1482 645 1560 Ascanius,
668 1482 718 1545 cui
740 1492 832 1546 nunc
848 1498 1024 1564 cognomen
1045 1482 1115 1547 Iulo
1350 1558 1357 1572 ¹

308 1567 455 1646 Additur,
476 1602 520 1613 -
541 1566 607 1632 llus
630 1570 708 1645 erat,
731 1568 806 1631 dum
827 1580 879 1631 res
902 1568 995 1632 stetit
1015 1568 1076 1633 Ilia
1097 1576 1198 1650 regno
1219 1600 1266 1615 -

310 1652 456 1734 Triginta
477 1665 609 1733 magnos
630 1652 795 1717 volvendis
817 1653 980 1717 mensibus
1003 1653 1088 1718 orbis

224 1735 287 1802 270
308 1738 436 1819 Inperio
460 1737 612 1819 explebit,
635 1752 832 1819 regnumque
855 1738 894 1803 ab
917 1738 994 1803 sede
1016 1738 1129 1803 Lavini

310 1821 510 1901 Transferat,
533 1826 567 1887 et
587 1823 715 1902 longam
738 1822 840 1887 multa
861 1823 892 1887 vi
913 1824 1036 1888 muniet
1057 1824 1180 1888 Albam.

308 1908 370 1973 Hic
391 1908 454 1972 iam
477 1912 679 1972 tercentum
701 1912 787 1971 totos
809 1909 997 1990 regnabitur
1019 1926 1119 1974 annos

309 1992 415 2057 Gente
438 1992 496 2057 sub
519 1994 691 2071 Hectorea,
715 1993 817 2057 donec
838 1994 950 2075 regina
972 1995 1129 2070 sacerdon

307 2078 412 2143 Marte
436 2078 541 2160 gruvls
564 2076 723 2160 geminum
744 2082 840 2159 partu
862 2079 952 2144 dabit
973 2079 1033 2144 llio
1053 2080 1187 2161 prolem.

224 2159 286 2227 275
308 2163 388 2228 Inde
408 2162 505 2247 lupae
526 2160 613 2228 fulvo
636 2164 769 2228 nutricis
790 2165 933 2245 tegmine
955 2165 1059 2229 laetus

308 2249 462 2314 Romulus
486 2250 622 2331 excipiet
644 2255 787 2331 gentem,
810 2254 844 2314 et
865 2250 1023 2315 Mauortia
1045 2250 1162 2315 condet

142 2384 146 2407 ,
307 2334 435 2400 Moenia
455 2336 678 2417 Romanosque
700 2354 758 2399 suo
782 2336 822 2400 de
844 2335 972 2399 nomine
994 2335 1088 2401 dicet

174 2455 188 2491 ι
307 2409 365 2485 His
389 2439 448 2503 ego
470 2439 530 2485 nec
552 2425 654 2487 metas
676 2438 784 2487 rerum
806 2430 866 2485 nec
888 2425 1034 2503 tempora
1054 2438 1153 2504 pono;

307 2506 471 2588 inperium
492 2507 562 2572 sine
584 2507 648 2571 fine
670 2507 753 2572 dedi.
797 2507 881 2584 Quin
903 2525 1017 2588 aspera
1037 2507 1127 2586 Iuno,

221 2588 285 2656 280
307 2591 396 2668 Quae
418 2608 506 2656 mare
528 2607 618 2656 nunc·
635 2596 803 2672 terrasque
824 2596 914 2656 metu
936 2593 1122 2673 caelumque
1144 2590 1271 2675 fatiget,

309 2676 450 2741 Consilia
470 2677 504 2740 in
526 2677 639 2741 mellus
662 2676 796 2755 referet,
818 2695 1007 2759 mecumque
1028 2676 1151 2742 iovebit

305 2757 477 2842 Romanos,
499 2779 607 2826 rerum
630 2761 789 2841 dominos,
811 2767 1004 2844 gentemque
1026 2768 1178 2845 togatam.

220 3017 319 3083 ponitur
336 3017 359 3066 in
377 3017 491 3080 Aeneide,
508 3026 640 3083 numquam
657 3019 681 3068 in
700 3018 877 3088 orationibus}
912 3013 973 3069 266.
991 3034 1041 3069 osc.
1055 3019 1110 3083 lib,
1128 3018 1220 3068 latiur
1234 3018 1327 3082 tetigit,
1344 3028 1396 3066 uos·

219 3085 277 3148 tigit
294 3087 338 3135 luo
357 3095 401 3134 ore
418 3095 514 3136 summa
531 3087 583 3136 eius
601 3084 719 3152 labella!
753 3083 814 3137 257.
832 3092 910 3150 metu,
929 3103 954 3137 v.
972 3086 1001 3137 E.
1019 3084 1044 3151 5,
1057 3084 1092 3138 29
1109 3093 1134 3136 et
1152 3084 1182 3136 G.
1194 3084 1220 3149 2,
1232 3082 1309 3154 3661
1343 3081 1396 3136 266.

219 3159 244 3204 v.
263 3167 302 3202 vs.
320 3150 395 3218 2671
429 3151 488 3204 261.
508 3155 566 3219 tibi,
584 3170 609 3205 v,
628 3153 656 3205 ll.
674 3151 699 3218 8,
717 3151 758 3219 6.Ι
792 3151 852 3205 262.
871 3155 977 3207 Videtur
994 3153 1105 3222 luppiter
1122 3156 1161 3204 blc
1178 3156 1214 3204 itu
1232 3155 1313 3221 loqui,
1333 3151 1398 3218 quasi

220 3223 339 3288 quendam
358 3221 447 3272 librom
467 3221 567 3273 letalem
583 3238 656 3274 mann
674 3229 757 3274 teneat
775 3237 805 3273 ac
822 3240 869 3275 non
886 3230 982 3274 tantum
1000 3226 1098 3291 priores
1116 3224 1220 3290 paginus
1237 3222 1397 3288 introspiciat,

219 3291 263 3342 sed
286 3291 442 3354 „lougius
465 3292 627 3341 volvens“
651 3293 746 3342 medies
769 3307 867 3358 quoque
888 3301 914 3344 et
931 3298 1078 3358 postremas.
1113 3292 1227 3357 Arripuit
1244 3293 1307 3341 baec
1324 3290 1398 3340 verte

219 3357 319 3424 Virgilii
331 3358 436 3410 budius
454 3373 483 3410 uc
501 3361 631 3423 rhetorice,
650 3362 694 3411 sed
713 3374 800 3426 parum
819 3361 932 3423 feliciter,
950 3361 1084 3411 exornavit
1100 3358 1160 3410 blet.
1174 3356 1215 3423 15,
1227 3357 1357 3412 sos-14.
1369 3383 1397 3394 -

219 3431 331 3492 movebo,
349 3436 377 3478 ut
395 3427 468 3478 [lv'id.
488 3427 546 3478 Met.
565 3427 606 3490 14,
621 3425 656 3479 20
673 3443 789 3492 „carmen
807 3443 957 3479 cremore
975 3426 1089 3494 secrdf‘l
1123 3425 1182 3480 264.
1200 3433 1321 3492 mores,
1338 3427 1396 3488 inre,

218 3497 294 3561 leges,
313 3497 469 3566 constituet!
502 3493 563 3548 266.
581 3497 698 3559 biberas,
717 3499 873 3548 hibernorum
890 3501 1012 3564 tempora,
1030 3500 1128 3549 hiemes.
1141 3525 1176 3533 —
1193 3495 1254 3547 dot.
1267 3500 1335 3562 aab,
1352 3503 1398 3544 ter·

218 3565 269 3618 tius
292 3571 349 3616 esse
373 3577 447 3618 casus
471 3565 584 3616 videtur:
607 3579 638 3616 en
663 3579 710 3631 quo
728 3565 814 3618 Rutuli
836 3567 933 3616 subacti
956 3572 1039 3626 ernnt;
1064 3567 1190 3615 Demostb.
1208 3566 1233 3614 in
1251 3563 1311 3615 Mid.
1330 3581 1351 3614 c.
1368 3558 1399 3611 tl

219 3633 441 3702 ..μαρτυροῦμεν
458 3627 511 3699 ἤδη
531 3633 565 3704 τῇ
582 3635 694 3704 κρίσει
713 3632 805 3703 ἐκείνῃ
824 3627 1013 3700 διαγεγονότα
1029 3634 1076 3696 ἔτη
1089 3625 1207 3700 insist}
1240 3631 1302 3685 268.
1320 3643 1398 3696 reguo

220 3697 321 3766 (sextus
340 3703 437 3770 casus),
455 3703 531 3766 regio,
550 3717 597 3768 quo
615 3719 645 3753 eu
663 3715 703 3752 res
720 3704 903 3766 continebatur,
927 3703 1040 3768 imperim
1065 3703 1111 3751 boc
1133 3702 1197 3751 enim
1221 3714 1311 3751 eremo
1335 3699 1398 3750 nulls

220 3774 277 3818 crat
294 3771 399 3838 emplius
417 3787 458 3822 res
476 3771 545 3841 liiul
580 3768 640 3822 269.
658 3787 692 3820 m.
705 3773 787 3833 orbes,
806 3787 891 3822 annos.
903 3800 938 3808 -
954 3773 1017 3821 volo.
1029 3773 1170 3835 member,
1188 3771 1246 3820 dum
1258 3785 1287 3820 se
1298 3771 1398 3820 circum·

219 3838 331 3901 volvunt,
350 3840 535 3903 circumagunt,
561 3836 586 3904 9,
604 3837 628 3890 7.
649 3838 698 3890 cic.
718 3837 765 3889 ott.
784 3836 809 3903 3,
829 3837 861 3890 16
885 3841 940 3902 „lle
957 3841 1010 3890 iure
1028 3839 1186 3906 praediorum
1205 3847 1320 3889 sunctum
1338 3835 1398 3902 apud

219 3917 263 3956 nos
282 3910 321 3955 est
337 3907 391 3957 iure
409 3907 488 3971 civili,
512 3915 540 3959 ut
564 3904 606 3958 lis
629 3907 814 3958 vendendis
837 3909 900 3958 vitia
918 3909 1091 3970 dicerentur,“
1113 3909 1129 3957 i.
1148 3922 1170 3958 e.
1188 3920 1243 3956 eum
1262 3921 1293 3957 ee
1310 3907 1399 3958 rende·

219 3971 330 4035 rentum!
365 3972 424 4025 270.
442 3975 547 4042 Lbbtoi,
572 3985 596 4026 r.
615 3975 644 4026 ll.
662 3975 686 4039 1,
704 3971 739 4027 33
762 3983 786 4026 et
808 3991 884 4042 sopra
902 3990 940 4026 vs.
958 3974 999 4043 61
1033 3973 1092 4027 271.
1116 3976 1268 4039 „longum
1286 3970 1399 4036 Albam,“

223 4041 249 4092 sl
261 4039 285 4105 6,
294 4039 346 4094 766
364 4041 494 4107 „Longe
504 4044 594 4106 Alba‚“
612 4053 658 4110 quo
672 4043 842 4104 discriminet!
876 4042 935 4094 272.
948 4048 1011 4107 tam,
1024 4060 1049 4095 v.
1061 4043 1086 4109 8,
1098 4035 1157 4105 42.Ι
1191 4040 1251 4094 273.
1265 4043 1398 4103 nestorea,

218 4103 359 4178 improprie,
377 4104 495 4174 Troiana,
513 4109 702 4174 1171190.-
720 4117 825 4178 roffae,
843 4113 859 4162 i.
873 4129 894 4163 e.
914 4115 983 4177 regio
1001 4114 1120 4176 sanguine
1137 4118 1207 4174 orta3
1226 4109 1296 4162 llboa
1315 4113 1398 4172 Silvis,

219 4179 290 4244 nlrgb
308 4177 432 4243 Vestalis,
456 4179 500 4231 llio
525 4181 556 4231 ob
580 4183 697 4245 originem
716 4181 852 4231 Troianum
876 4177 966 4246 dictu!
1000 4178 1059 4232 274.
1079 4182 1110 4232 Μ.
1125 4183 1233 4246 pavis,
1259 4179 1325 4230 sbi.
1344 4193 1398 4243 grt-

218 4245 307 4368 Μαι
334 4245 393 4300 276.
412 4257 500 4312 gerens
518 4250 641 4300 cassidem
659 4265 690 4300 ex
708 4248 772 4316 pelle
790 4249 874 4315 lupina
891 4248 1006 4318 iactam!
1041 4247 1100 4301 276.
1119 4249 1235 4301 Numitor
1251 4253 1278 4300 et
1289 4249 1399 4298 Amulius

219 4318 273 4367 cuin
308 4317 354 4368 lios
370 4333 417 4367 non
435 4317 603 4384 reliquissent,
630 4318 780 4385 propagavit
803 4327 860 4384 post
877 4333 920 4368 eos
938 4325 1036 4382 gentem
1053 4315 1197 4386 Romulus}
1232 4315 1294 4382 260.
1312 4323 1399 4367 term

220 4385 358 4453 coelumq,
375 4387 392 4438 i.
405 4401 427 4438 c.
446 4387 691 4452 omniu3satigare‚
711 4385 805 4436 affatim
823 4387 929 4451 agitare,
945 4388 1065 4450 turbare;
1084 4386 1115 4436 ol.
1134 4383 1176 4449 11,
1193 4381 1248 4437 400
1264 4383 1316 4457 sq}
1342 4382 1399 4437 281.
1455 4454 1456 4457 ¹
