2942 4975
195 330 261 395 100
567 330 602 395 Ρ.
622 327 787 395 VIRGILI
807 314 997 395 Maronis

194 516 259 581 480
280 516 325 581 Et
346 533 446 597 genus
468 532 561 579 omne
583 514 662 579 Neci
683 515 841 596 pecudum
861 515 963 593 dedit,
985 534 1080 580 omne
1100 514 1252 598 ferarum,

282 600 493 683 Corrupitque
515 600 616 678 lacus,
636 598 748 665 infecit
768 600 885 683 pabula
905 600 991 665 tabo.

280 687 349 751 Nec
370 685 422 749 via
441 685 554 750 mortis
576 688 646 749 erat
667 685 814 767 simplem
835 685 894 750 sed
914 685 970 749 ubi
990 685 1086 767 ignea
1106 688 1196 753 venis

282 770 435 837 Omnibus
457 774 529 835 acta
550 769 619 834 sitis
641 770 774 835 miseros
796 770 972 835 adduxerat
993 775 1091 849 artus,

280 857 401 921 Rursus
423 854 606 920 abundabat
626 854 742 919 fluidus
763 856 869 937 liquor
890 856 1059 937 omniaque
1079 857 1113 920 in
1135 875 1171 922 se

195 938 260 1006 485
282 940 363 1007 0333
383 940 565 1005 minutatim
586 940 697 1004 morbo
719 941 869 1022 conlapsa
890 939 1048 1005 trahebat.

282 1024 385 1109 Saepe
404 1025 439 1089 in
460 1026 581 1089 honore
596 1024 698 1089 'deum
718 1026 825 1090 medio
847 1031 936 1090 stans
957 1024 1063 1090 hostia
1084 1025 1125 1090 ad
1146 1044 1246 1107 aram

282 1112 392 1177 Lanea
413 1109 489 1175 dum
509 1110 603 1173 nivea
624 1110 839 1175 circumdatur
858 1109 961 1175 infula
979 1112 1070 1188 vitta,

282 1195 372 1261 Inter
395 1194 574 1259 cunctantis
596 1195 711 1259 cecidit
732 1194 922 1260 moribunda
942 1195 1114 1259 ministros.

281 1282 348 1345 Aut
370 1280 396 1345 si
418 1298 512 1361 quam
534 1278 620 1345 ferro
641 1284 839 1345 mactaverat
859 1285 935 1345 ante
956 1281 1115 1358 sacerdos,

196 1364 362 1430 490111de
383 1383 443 1429 nec
464 1364 610 1446 inpositis
632 1364 748 1429 ardent
769 1365 884 1430 altaria
903 1364 1000 1443 fibris,

282 1450 351 1515 Nec
371 1468 525 1532 responsa
545 1453 653 1531 potest
675 1450 839 1515 consultus
860 1450 996 1515 reddere
1017 1454 1117 1528 natea,

282 1537 329 1600 Ac
349 1535 402 1599 vix
424 1535 579 1616 suppositi
600 1536 790 1617 tinguuntur
811 1536 966 1617 sanguine
988 1534 1083 1599 cultri

283 1620 474 1701 Summaque
495 1620 603 1685 ieiuna
624 1621 712 1685 sanie
733 1618 911 1685 infuscatur
932 1638 1037 1685 arena
1108 1692 1115 1712 .

283 1705 366 1770 Hinc
387 1704 481 1771 lactis
501 1705 594 1771 vituli
615 1706 709 1787 volgo
731 1706 912 1770 moriuntur
932 1705 967 1769 in
987 1704 1103 1783 herbis,

196 1788 262 1855 405
282 1792 326 1855 Ε1
347 1790 448 1855 dulcis
469 1789 589 1855 animas
610 1790 708 1871 plena
729 1791 770 1855 ad
791 1791 959 1872 praesepia
978 1790 1131 1868 reddunt;

283 1875 366 1939 Hinc
389 1874 518 1939 canibus
538 1874 664 1939 blandis
686 1874 792 1939 rabies
812 1876 913 1954 venit,
936 1880 971 1939 et
991 1875 1096 1957 quatit
1117 1892 1234 1957 aegros

284 1960 393 2025 Tussis
416 1958 531 2023 anhela
552 1978 625 2023 sues
647 1978 683 2023 ac
704 1958 849 2024 faucibus
870 1960 961 2042 angit
981 1960 1095 2025 obesis,

283 2044 418 2111 Labitur
438 2042 550 2108 infelix
572 2043 750 2111 studiorum
770 2049 869 2126 atque
889 2046 1047 2111 inmemor
1067 2043 1186 2110 herbae

283 2130 396 2195 Victor
418 2147 517 2210 equus
538 2128 699 2211 fontisque
721 2130 878 2195 avertitur
900 2134 935 2195 et
954 2131 1037 2212 pede
1059 2133 1179 2195 terram

91 2303 95 2311 ι
199 2214 263 2279 500
286 2215 406 2281 Crebra
426 2212 516 2293 ferit3
539 2215 696 2280 demissae
718 2234 825 2294 aures,
845 2216 989 2280 incertus
1009 2215 1128 2280 ibidem

286 2300 402 2378 Sudor,
425 2304 458 2363 et
478 2300 533 2365 ille
555 2300 684 2381 quidem
705 2300 868 2365 morituris
888 2300 1037 2382 frigidus,
1058 2304 1130 2365 aret

284 2385 383 2451 Pellis
407 2390 440 2449 et
462 2386 502 2450 ad
523 2390 647 2451 tactum
668 2386 821 2451 tractanti
843 2386 924 2451 dura
943 2385 1074 2450 resistit.

285 2472 373 2536 Haec
394 2476 470 2536 ante
493 2471 623 2536 exitium
643 2471 754 2554 primis
776 2472 853 2537 dant
873 2470 966 2553 signa
987 2470 1113 2549 diebus;

285 2557 340 2622 Sin
362 2556 395 2619 in
417 2575 570 2638 processu
592 2557 698 2638 coepit
719 2558 909 2621 crudescere
929 2555 1068 2635 morbus,

199 2641 263 2707 505
286 2643 367 2706 Tum
388 2659 464 2705 vero
488 2642 638 2706 ardentes
660 2641 745 2705 oculi
766 2647 862 2722 atque
884 2645 1041 2706 attractus
1063 2640 1103 2705 ab
1126 2641 1193 2706 alto

285 2725 435 2808 Spiritus
457 2725 763 2806 interdum,gemitu
784 2726 900 2806 gravis,
920 2727 1048 2808 imaque
1069 2727 1166 2808 longo
1200 2735 1204 2739 ’

286 2811 346 2875 1113
367 2810 510 2891 singulm
531 2811 681 2888 tendunt,
702 2811 729 2874 it
750 2810 882 2875 naribus
903 2816 975 2876 ater

287 2895 436 2976 Sangada,
459 2900 493 2959 et
514 2895 659 2960 obsessas
680 2894 790 2960 fauces
811 2897 929 2977 premit
950 2915 1065 2978 aspera
1084 2897 1202 2978 lingua

285 2979 412 3045 Profuit
432 2980 554 3052 inserto
576 2979 688 3044 latices
709 2979 879 3046 infundere
902 3000 1001 3046 comu

200 3064 266 3132 510
287 3065 445 3143 Lenaeos,
468 3083 507 3129 ea
528 3065 596 3129 visa
618 3066 702 3130 salus
724 3066 934 3130 morientibus
956 3086 1034 3145 una3

201 3253 324 3306 Romanos
343 3251 436 3301 initium
455 3252 569 3316 capiebat
587 3267 602 3301 a
619 3250 660 3301 lll.
678 3251 714 3301 ld.
731 3251 851 3316 August,
875 3254 1005 3303 desinebat
1020 3252 1063 3303 lli.
1080 3252 1118 3303 ld.
1136 3253 1288 3322 Novembri
1322 3252 1380 3306 482.

202 3321 321 3388 simplae,
339 3335 396 3382 una,
414 3326 443 3370 ut
460 3317 484 3382 2,
503 3317 548 3381 733
567 3321 670 3386 primum
689 3321 752 3370 enirn
769 3327 841 3371 aestu
860 3319 923 3386 (siti
938 3322 974 3371 ait
990 3337 1029 3371 vs.
1047 3321 1175 3388 proximo)
1192 3327 1273 3371 totum
1292 3337 1380 3388 corpus
1449 3324 1450 3345 l

201 3391 358 3452 torrebatur,
384 3389 470 3438 deinde
494 3387 640 3438 tabescebat
663 3386 881 3454 331113333333131
915 3386 974 3440 483.
999 3389 1203 3455 „Adducitque
1227 3387 1382 3455 (contrabit)
1449 3432 1450 3439 ,

203 3460 258 3510 sitis
276 3458 404 3520 maciem,“
421 3456 493 3508 ovio.
513 3455 546 3506 Μ.
562 3453 586 3519 3,
598 3453 672 3524 3971
706 3453 766 3506 485.
785 3456 907 3506 trahebat
923 3460 951 3507 in
967 3474 1003 3521 33,
1006 3459 1093 3576 &Si
1110 3459 1255 3522 contagione
1273 3459 1381 3522 quadam

203 3527 291 3590 effecit,
308 3533 337 3577 ut
354 3532 379 3574 et
396 3526 451 3591 ipsu
468 3525 492 3574 in
510 3524 620 3574 tabidum
633 3524 752 3588 liquorem
764 3525 972 3593 resolverentur}

202 3589 398 3660 3111.3,406.1
432 3590 492 3644 487.
509 3592 607 3656 infula,
625 3593 648 3640 b.
661 3593 677 3641 l.
696 3600 735 3643 est
746 3593 909 3643 velamentum
921 3593 1018 3643 haeum
1035 3595 1110 3659 capiti
1127 3595 1224 3646 laos‘tiac
1241 3594 1383 3659 impositum

203 3669 228 3712 et
245 3663 277 3712 ab
295 3667 401 3726 utraque
418 3667 491 3727 parte
507 3661 595 3726 capitis
614 3661 763 3726 dependens,
787 3662 864 3726 qnod,
887 3663 956 3712 utin
974 3663 1055 3727 cupite
1078 3665 1206 3725 haereret,
1229 3662 1303 3711 vittis
1326 3678 1382 3712 con·
1449 3670 1450 3675 ’

204 3729 292 3792 stringi
310 3746 331 3780 s.
349 3730 423 3792 ligari
441 3729 545 3779 solebat.
565 3757 596 3766 -
616 3729 800 3779 circumdatur
817 3745 903 3794 nempe
919 3728 1040 3796 capiti!
1072 3728 1133 3781 489.
1153 3736 1227 3794 ante,
1250 3736 1383 3795 antequam

203 3799 332 3848 videretur
355 3803 469 3863 correpta
495 3796 588 3863 333131
622 3792 681 3859 4911.
705 3796 781 3860 lunge
797 3798 879 3862 fibrae
903 3798 974 3861 inde,
998 3799 1013 3848 i.
1039 3815 1061 3848 e.
1085 3799 1155 3848 libris
1180 3813 1212 3850 ex
1237 3813 1280 3861 ea,
1306 3795 1384 3866 31331
1449 3850 1450 3861 ,

203 3862 263 3916 492.
281 3868 420 3932 suppositi:
437 3865 563 3931 piaculare
580 3879 678 3914 sacrum
691 3865 739 3915 diis
750 3864 835 3915 inferis
848 3865 957 3915 oblatum
976 3867 1109 3929 significari
1126 3874 1199 3933 pnta;
1218 3865 1242 3916 in
1260 3881 1290 3918 eo
1310 3873 1385 3934 capnt
1449 3874 1450 3929 j

204 3934 301 3984 hostiae
319 3934 351 3983 ad
368 3941 462 3984 terrum
479 3947 568 3984 versus
586 3933 771 3999 deprimebatur
788 3938 813 3982 et
830 3929 909 3983 culter
927 3935 958 3983 ab
976 3934 1091 3984 inferiore
1108 3941 1181 4000 parte
1198 3935 1283 3998 iugulo
1298 3935 1383 3998 adige·
1449 3984 1450 3997 ,

205 4004 291 4063 butur;
316 4001 347 4050 cf.
365 4003 395 4050 Α.
415 4000 439 4063 6,
457 3997 533 4069 2481
567 3996 627 4051 493.
645 4005 745 4062 ieiuna,
769 4000 860 4067 133311
893 3997 952 4051 497.
974 4002 1127 4065 significatur
1149 4000 1384 4070 3351333335331
1449 4004 1450 4009 ’

204 4067 262 4121 498.
289 4070 341 4135 ios.
368 4070 449 4132 stud,
480 4070 519 4118 cni
544 4069 604 4120 nihil
628 4075 732 4135 prosunt
758 4069 841 4118 studia
867 4083 925 4130 333,
952 4071 1073 4121 uictoriae
1098 4079 1254 4137 reportatae,
1284 4069 1318 4119 cf.
1345 4085 1383 4120 vs.
1449 4100 1450 4117 .

204 4136 281 4206 aas!
315 4134 375 4190 500.
393 4153 418 4187 v.
435 4151 474 4186 vs.
493 4133 551 4188 149.
569 4165 604 4174 -
621 4142 749 4197 incertus,
766 4137 916 4186 inconstans.
933 4163 968 4175 —·
984 4139 1087 4201 abidan,
1106 4140 1173 4189 circa
1190 4153 1274 4201 aures,
1293 4140 1382 4205 capitis
1449 4138 1450 4183 l

206 4203 306 4274 3331331
341 4202 400 4257 502.
419 4207 534 4266 resistit,
556 4220 603 4255 non
622 4206 698 4265 cadit,
716 4211 803 4269 utpote
822 4204 897 4266 dura,
914 4220 961 4254 non
979 4207 1066 4256 mollis.
1115 4203 1175 4257 503.
1193 4197 1383 4266 donatellae
1449 4240 1450 4269 ,

208 4277 264 4342 equi
283 4292 312 4328 ea
331 4281 400 4342 peste
418 4267 546 4339 correpti!
582 4266 640 4323 505.
658 4288 684 4322 v.
696 4269 721 4335 2,
733 4268 784 4322 441
802 4278 828 4322 ct
842 4272 872 4321 d.
885 4270 909 4336 7,
922 4271 995 4339 7871
1082 4312 1088 4323 .
1106 4273 1383 4337 35333333,1.33331133

209 4346 234 4396 iu
261 4344 425 4412 descriptione
443 4342 540 4394 Atticae
563 4337 683 4406 pastiati,
701 4336 769 4391 1146
790 4340 931 4404 „nleambua
954 4343 1024 4392 vocis
1046 4344 1089 4392 via
1113 4349 1199 4408 saepta
1222 4343 1333 4393 coibat“
1349 4371 1382 4380 —
1449 4368 1450 4415 3

1083 3527 1181 3577 bonore
1197 3527 1231 3589 3.,
1249 3527 1382 3589 33335313,
1449 3540 1450 3557 ³
