2942 4975
390 322 397 331 “
453 315 703 399 esoaercon
723 318 805 383 nm
826 318 882 383 ιιι.

162 503 265 567 Aonio
288 502 417 569 rediens
439 503 594 570 deducam
615 505 737 571 vertice
758 505 880 584 Musas,

162 586 288 652 Primus
312 588 480 653 Idumaeas
502 588 639 655 referam
662 590 733 669 tibi,
755 590 901 669 Mantua,
922 590 1058 672 palmas3

161 672 204 737 Et
225 673 322 737 uridi
342 672 377 737 in
400 692 511 756 campo
534 676 690 757 templum
712 676 753 741 de
775 694 933 741 marmore
955 694 1071 758 ponam

160 757 300 839 Propter
323 777 450 839 aquam,
477 760 578 825 tardis
599 762 713 842 ingens
735 761 789 826 ubi
812 759 944 826 flexibus
968 767 1055 827 errat

104 843 140 907 15
160 842 299 909 Mincius
324 848 357 909 et
379 848 493 909 tenera
514 846 674 927 praetexit
696 846 851 911 arundine
872 846 967 928 ripas.

160 928 198 993 In
220 928 329 994 medio
351 928 429 995 mihi
451 929 568 995 Caesar
591 932 667 1009 erit,
690 930 907 1013 templumque
929 931 1063 997 tenebit.

160 1013 212 1078 illi
234 1014 340 1079 victor
363 1033 423 1096 ego
446 1020 480 1079 et
502 1016 597 1098 Tyrio
622 1022 812 1099 conspectus
832 1014 867 1081 in
889 1021 977 1081 ostro

162 1099 301 1163 Centum
324 1099 529 1182 quadriiugos
551 1102 679 1183 agitabo
701 1102 743 1167 ad
763 1100 895 1166 flumina
916 1119 1040 1180 cunus3

163 1183 286 1249 Cuncta
308 1184 397 1265 mihi,
419 1185 579 1267 Alpheum
600 1186 747 1269 linquens
768 1187 922 1267 lucosque
944 1185 1110 1264 Molorchi

104 1269 316 1334 desursibus
339 1275 372 1334 et
394 1272 492 1335 cnido
515 1272 668 1337 decernet
691 1272 829 1338 Graecia
850 1277 968 1337 caestu

161 1356 249 1437 Ipse,
273 1360 370 1435 caput
392 1360 505 1421 tonsae
526 1356 610 1422 foliis
633 1363 766 1422 ornatus
788 1358 900 1437 olivae,

160 1440 255 1504 Dona
276 1438 386 1505 feram.
429 1441 497 1506 Iam
519 1461 603 1507 nunc
627 1443 791 1507 sollemnis
814 1443 930 1508 ducere
952 1459 1085 1523 pompas

161 1526 212 1590 Ad
234 1524 370 1591 delubra
389 1526 479 1592 iuvat
501 1544 674 1609 caesosque
695 1526 805 1593 videre
826 1527 990 1606 iuvencos3
1028 1529 1032 1537 '

160 1609 222 1675 Vel
244 1627 362 1676 scaena
382 1616 419 1676 ut
441 1613 541 1677 versis
564 1613 708 1679 discedat
730 1611 902 1691 frontibuS,
924 1616 1024 1694 utque

101 1694 138 1759 25
159 1696 329 1777 Purpurea
349 1696 466 1762 intexti
488 1698 606 1763 tollant
627 1699 741 1765 aulaea
760 1698 915 1763 Britanni.

159 1782 197 1847 In
220 1779 342 1846 loribus
364 1800 505 1865 pugnam
528 1802 567 1849 ex
589 1802 666 1850 euro
689 1784 855 1866 solidoque
878 1781 1050 1865 elephanto

82 1950 119 2003 12.
132 1952 251 2019 parmas,
278 1960 404 2018 umquam
427 1954 521 2018 insigne
545 1955 660 2017 victoris,
685 1953 716 2004 ci.
740 1970 779 2005 vs.
804 1951 925 2015 9ct173
950 1969 1036 2019 nempe
1058 1952 1112 2002 iure
1134 1952 1258 2016 gloriatur

81 2021 195 2084 Virgilius
219 2021 352 2071 victoriam
375 2036 403 2071 so
425 2022 453 2072 in
476 2024 530 2072 hoc
553 2036 665 2086 genere
687 2024 803 2073 nauminia
827 2021 926 2089 (modo
944 2023 1011 2073 vita
1027 2021 1176 2087 supersit,
1200 2035 1257 2073 naar

79 2097 162 2156 coepta
179 2096 233 2139 ῑιιιιι
251 2097 330 2153 eraut,
349 2092 455 2141 noudum
470 2091 585 2141 absoluta
598 2089 735 2158 Georgica)
754 2092 891 2142 relaturam
908 2106 972 2153 esse,
990 2090 1050 2155 quia
1062 2106 1093 2141 ue
1105 2086 1257 2140 Graecorum

79 2160 170 2223 quidem
189 2158 321 2223 quisquam
340 2158 445 2210 similem
462 2160 486 2209 iu
504 2175 534 2211 eo
552 2160 649 2209 laudem
667 2160 772 2226 adeptus
794 2166 841 2211 est.
865 2187 896 2198 -
921 2159 1005 2210 Idume
1022 2174 1043 2208 s.
1061 2156 1179 2209 idumaea
1196 2173 1256 2223 pars

78 2226 189 2289 iudaeae,
207 2241 272 2291 quae
288 2225 381 2292 palmis
397 2226 511 2292 frequens
529 2234 597 2287 erat;
615 2244 641 2278 v.
653 2227 682 2278 Ε.
696 2226 720 2291 1,
731 2224 790 2295 bb!
827 2224 866 2278 13.
886 2226 934 2291 Qui
951 2227 1081 2278 victoriam
1098 2226 1255 2292 appetebant,

77 2311 140 2359 aras,
157 2294 262 2361 templa,
278 2294 359 2355 ludos,
376 2296 417 2346 vel
434 2296 493 2359 alia,
511 2297 635 2346 vovebant
652 2298 675 2347 ei
693 2297 791 2358 nummi,
808 2301 837 2346 ut
855 2296 879 2345 h.
891 2296 908 2345 l.
920 2295 1041 2359 Virgilius
1060 2294 1162 2345 Caesari
1180 2293 1256 2346 octa-

77 2366 154 2428 rimn,
172 2364 245 2413 cuius
263 2363 358 2413 auxilio
376 2365 484 2415 maxime
501 2363 676 2433 confidebant}
712 2362 753 2414 14.
771 2380 796 2414 v.
808 2364 838 2415 ll.
850 2360 875 2426 8,
888 2360 945 2430 87.Ι
981 2360 1022 2413 17.
1044 2360 1256 2428 Tyrtaeum,

77 2446 193 2499 purpura,
213 2432 230 2481 i.
243 2446 265 2481 e.
284 2438 344 2496 toga
362 2440 502 2498 praetexta,
520 2434 673 2500 conspicuus,
691 2440 720 2483 nt
731 2434 895 2498 magistratus
908 2430 1011 2482 Romani
1028 2430 1094 2481 ludis
1111 2430 1256 2497 praesiden-

54 2504 131 2569 ‚teal
155 2498 201 2551 18.
214 2500 325 2552 Centum
342 2517 389 2551 nou
406 2518 454 2552 uno
473 2504 557 2566 missu,
575 2503 618 2552 sed
636 2503 762 2568 pluribus,
780 2501 953 2568 multiplicavit
963 2501 1054 2550 missus
1065 2499 1141 2561 Nero,
1158 2507 1257 2550 oeubam

76 2571 168 2636 peracti
185 2570 258 2620 iussu
276 2569 407 2621 Domitiani
425 2571 490 2621 ludis
508 2571 686 2633 saecularibus,
704 2568 736 2620 ci.
754 2571 856 2621 Sueten.
874 2568 936 2620 Ner.
948 2566 991 2621 22.
1009 2567 1099 2618 Domit
1114 2565 1139 2620 4.
1157 2595 1192 2604 -
1208 2567 1256 2620 Ce-

76 2645 152 2690 terum
171 2653 291 2689 uumerus
309 2639 463 2690 oentcmrius
480 2640 604 2690 sollemnis
622 2641 645 2689 io
669 2639 744 2689 rebus
766 2637 914 2700 umissos.
931 2637 961 2687 A.
980 2636 1004 2699 l,
1022 2633 1082 2686 417.
1105 2632 1132 2700 4,
1150 2632 1201 2686 199
1218 2651 1256 2701 sq.

76 2707 128 2757 lib.
147 2705 172 2770 1,
192 2704 217 2770 7,
234 2703 270 2757 49
287 2711 313 2755 et
330 2721 355 2756 v.
372 2712 403 2757 A.
421 2704 446 2770 8,
465 2703 527 2769 7163
552 2709 599 2774 ipsi
621 2714 705 2758 antem
722 2707 843 2760 eiusmodi
859 2707 912 2756 ludi
929 2711 956 2755 et
971 2705 1107 2757 certamina
1125 2710 1197 2754 erant
1215 2719 1256 2754 res

76 2791 157 2840 sacra,
181 2779 272 2840 utpote
295 2775 320 2824 iu
345 2775 462 2828 honorem
488 2776 588 2826 deorum
611 2776 734 2826 instituta.
757 2804 793 2814 -
809 2777 891 2841 agit,
915 2773 1032 2834 ciliciam,
1056 2779 1085 2822 ut
1107 2769 1257 2840 agitantum!

76 2843 106 2895 19
124 2861 162 2910 sq.
186 2843 240 2909 Ipsi
257 2840 360 2906 Graeci,
377 2845 485 2908 Augusti
502 2843 614 2894 faventes
632 2845 726 2908 honori,
746 2843 894 2910 posthabitis
912 2842 978 2893 ludis
996 2840 1148 2909 Olympiacis
1165 2847 1191 2890 st
1205 2840 1257 2890 Ne-

74 2915 163 2964 meaeis
191 2913 254 2962 haec
276 2913 412 2962 certamina
436 2912 649 2963 concelebrabunt.
691 2913 811 2963 Hercules
834 2918 965 2978 postquam
988 2910 1082 2960 leonem
1105 2908 1255 2960 Nemeaeum

73 2983 168 3044 occidit,
187 2980 230 3030 vel
243 2980 348 3046 primum
361 2979 417 3030 fecit
429 2981 502 3032 ludos
514 2981 662 3043 Nemeseos,
681 2981 723 3032 vel
740 2981 851 3031 restituit
868 2979 1033 3040 intermissum
1052 2979 1074 3028 is
1086 2984 1138 3028 tum
1151 2978 1255 3045 hospitio

74 3058 194 3116 exceptus
212 3055 254 3098 est
271 3062 286 3097 a
303 3047 429 3100 Molorcho
447 3056 561 3116 pastore;
585 3050 640 3100 hinc
664 3049 734 3100 lucus
752 3048 874 3099 Molorchi
891 3048 907 3098 i.
925 3063 949 3113 q.
967 3046 1039 3098 lucus
1056 3046 1204 3098 Nemeaeus.
1222 3074 1253 3083 —

73 3119 183 3184 Alpheus
202 3119 292 3167 flumen
309 3115 449 3186 Olympiam
466 3112 723 3184 pr·aeterlabebatur.l
757 3114 800 3167 20.
819 3117 912 3180 crudo,
937 3131 962 3166 v,
980 3115 1010 3166 A.
1028 3113 1053 3178 5,
1071 3112 1131 3182 69.Ι
1166 3112 1198 3164 21
1217 3129 1255 3179 sq.

75 3187 157 3250 Bona,
184 3186 202 3236 i.
221 3203 245 3236 e.
263 3199 349 3250 sacra,
374 3185 405 3236 cl.
423 3189 453 3236 A.
471 3183 497 3248 4,
513 3184 574 3238 453.
597 3183 621 3248 7,
639 3183 681 3236 86.
705 3185 730 3248 9,
748 3182 809 3235 626.
826 3213 862 3222 --
878 3184 1027 3235 Sacerdotes
1044 3190 1070 3235 et
1087 3183 1256 3234 sacrificantes

73 3269 163 3305 cornua
183 3254 315 3316 oleaginea
333 3270 361 3304 se
378 3255 546 3318 redimebant,
564 3259 593 3304 Α.
611 3251 636 3316 5,
655 3251 714 3306 tlt
732 3250 758 3315 6,
775 3251 840 3316 809,
865 3265 929 3317 quae
945 3256 1039 3303 tonsa
1057 3267 1103 3317 pro
1119 3259 1190 3303 terea
1207 3252 1257 3301 dici

73 3325 186 3385 videtur,
212 3324 278 3388 quoa
301 3323 435 3373 maioribus
454 3322 519 3373 loliis
537 3324 646 3373 detonsis
664 3323 760 3373 minora
777 3327 872 3372 Motum
890 3321 1098 3386 relinquerentur.
1149 3316 1184 3370 22
1201 3333 1256 3384 sqq.

73 3391 199 3458 Praecipit
217 3391 299 3441 auimo
317 3391 380 3453 ista,
405 3406 468 3457 quae
486 3392 646 3442 instituturus
664 3397 710 3454 est,
734 3391 872 3451 sollemnia,
895 3397 926 3440 ut
942 3390 992 3440 iam
1011 3388 1097 3454 peragi
1112 3387 1254 3438 videantur.

72 3461 192 3511 Solebaut
209 3465 307 3520 autem,
332 3466 462 3525 antequam
483 3461 537 3510 ludi
555 3459 684 3510 Circenses
706 3459 838 3521 inireutur,
863 3463 1027 3524 prosequente
1043 3469 1133 3518 magua
1151 3461 1254 3505 caterva

72 3530 172 3580 deornm
191 3529 264 3591 sigua
283 3527 382 3579 feretris
398 3519 538 3578 io'Circum
557 3527 662 3588 deierr13
682 3542 747 3592 quae
765 3541 806 3578 res
825 3542 870 3593 per
886 3541 941 3575 voc.
956 3538 1092 3592 pompas
1108 3521 1257 3592 indicatum}

72 3595 110 3648 24.
129 3597 184 3649 Vel
199 3596 321 3659 videre,
339 3601 369 3646 ut
386 3603 433 3647 cet
465 3596 547 3647 Etiam
565 3597 674 3646 scenicos
693 3595 765 3646 ludos
784 3595 942 3646 exhibiturus
960 3599 1000 3644 est
1017 3597 1100 3658 poeta.
1121 3591 1164 3642 'Et
1181 3607 1256 3641 scena

73 3667 94 3715 h.
111 3667 141 3730 l.,
160 3665 309 3729 angustiore
326 3680 398 3715 seusu
417 3665 491 3727 dicta,
517 3665 639 3728 signifieat
656 3664 776 3730 parietem
794 3664 863 3713 illum
881 3663 979 3728 pictum,
1004 3661 1045 3725 qui
1063 3660 1255 3711 consistentibus

72 3736 94 3783 iu
111 3733 243 3801 proscenio
261 3733 387 3784 autoribus
406 3748 422 3783 a
439 3740 511 3796 tergo
530 3739 576 3783 est.
612 3732 739 3783 ludicatur
756 3737 839 3783 nutem
857 3746 872 3781 a
889 3736 971 3797 poeta,
989 3735 1018 3780 ut
1035 3734 1123 3778 auctor
1139 3735 1180 3780 est
1197 3729 1255 3778 Ser-

72 3805 133 3865 vius,
158 3816 237 3853 scena
254 3801 388 3865 versatilis,
414 3817 485 3866 quae,
512 3801 533 3852 si
552 3816 600 3867 qua
618 3801 674 3862 loci,
697 3816 746 3865 quo
764 3815 805 3851 res
822 3805 964 3863 agerentur,
987 3796 1092 3848 mutatio
1110 3798 1254 3848 necessaria

73 3879 144 3935 esset,
169 3870 379 3932 convertebatur3
404 3871 440 3920 sic
462 3870 546 3931 flebat,
569 3876 606 3930 ut,
629 3883 694 3934 qnae
711 3869 784 3919 modo
804 3869 887 3919 aatieu
904 3881 972 3934 pars,
995 3863 1135 3927 airuns,
1159 3863 1255 3927 fuisset,

74 3940 140 3991 heret
158 3939 266 4007 postica,
284 3940 345 3988 haec
362 3944 446 3989 autem
465 3939 560 4000 autica3
581 3945 606 3988 et
624 3938 699 3987 aliam
716 3937 827 3987 locorum
845 3935 933 3986 faciem
950 3935 1018 3996 haec,
1036 3934 1111 3984 aliam
1129 3934 1173 3984 illa
1190 3931 1254 3984 rele-

74 4009 151 4058 rcbat.
175 4009 260 4072 Atque
276 4013 305 4056 ut
322 4006 346 4056 in
365 4007 450 4057 ductili
468 4021 540 4056 scena
556 4006 666 4069 tabulae,
685 4005 774 4070 quibus
791 4019 821 4056 ea
838 4003 977 4066 constabat,
995 4002 1085 4064 diduci,
1102 4003 1137 4052 ita
1156 4003 1180 4052 in
1197 4017 1255 4052 ver·

74 4077 138 4126 sutili
154 4077 239 4126 versis
257 4074 398 4125 cardinibus
417 4075 527 4124 converti
546 4073 618 4125 facile
636 4079 758 4140 poterant.
788 4072 908 4123 discedat
919 4072 997 4135 igitur
1013 4072 1030 4121 i.
1041 4087 1065 4136 q.
1080 4066 1255 4137 dissolvatur]

74 4141 113 4193 25.
130 4144 255 4195 Aulaeum
273 4157 328 4193 cum
346 4158 433 4194 scenae
450 4143 644 4205 obtendebatur,
667 4157 714 4192 non
740 4141 847 4204 demitti,
874 4142 918 4191 aed
942 4140 998 4190 tolli
1016 4140 1113 4189 solebat
1130 4139 1153 4190 iu
1170 4146 1256 4189 vetere

74 4214 178 4263 theatro.
214 4212 337 4275 Imagines
355 4219 437 4262 autem
454 4212 626 4262 britannorum
644 4211 680 4261 ita
698 4218 771 4262 erant
787 4211 907 4271 intextae,
925 4215 953 4259 ut
971 4209 1018 4274 ipsi
1034 4207 1149 4260 aulaeum
1166 4207 1255 4256 tollere

76 4281 247 4347 sublatumque
265 4281 387 4330 sustinere
405 4281 560 4344 viderentur,
580 4277 610 4330 cl.
631 4279 704 4330 Ovid.
722 4277 781 4329 Met.
799 4277 824 4342 3,
843 4274 1005 4345 lul-1144
1039 4272 1074 4326 26
1091 4291 1146 4341 sqq.
1173 4275 1255 4325 Oroa-

75 4357 151 4400 areuta
168 4349 256 4416 templi
272 4349 297 4398 iu
314 4348 422 4412 Augusti
440 4349 556 4400 honorem
575 4347 705 4399 condendis
730 4347 873 4415 anaglypha
897 4345 1045 4408 inferibus,
1070 4341 1102 4394 ol.
1119 4344 1150 4394 A.
1169 4341 1193 4404 6,
1212 4338 1254 4403 20,

1018 4425 1054 4481 6.
