2942 4975
203 356 267 421 302
574 352 608 417 Ρ.
630 352 796 417 vinoun
817 352 1007 418 MARCNIS

290 541 411 606 Solvite
434 538 561 604 crinalis
583 538 693 617 vittas,
717 538 821 621 eapite
842 539 933 621 orgia
954 540 1087 605 mecum.

291 627 401 691 Talem
422 624 509 689 inter
531 623 639 703 silvas,
660 623 747 690 inter
768 624 899 689 deserta
920 622 1068 703 ferarum,

203 711 269 791 405
290 711 445 798 lkginem
467 710 593 775 Allecto
616 708 753 773 stimulis
776 709 844 791 agit
863 709 1005 790 undique
1026 710 1153 802 Bacchi.

372 796 547 876 Postquam
568 794 636 859 vise
656 794 734 859 sotis
755 796 874 875 primos
897 795 1021 859 acuisse
1043 794 1177 875 furores,

292 880 529 961 Consiliumque
552 897 740 960 omnemque
763 879 892 943 domum
915 880 1050 945 vertisse
1070 882 1186 961 Leuni,

290 966 441 1031 Protinus
463 964 538 1029 bine
558 963 656 1029 fuscis
679 963 780 1029 tristis
804 964 865 1029 des
886 965 1012 1030 tollitur
1028 966 1091 1031 alis
1112 1014 1131 1051 ,

289 1050 429 1117 Audacis
450 1048 560 1113 Rutuli
583 1050 624 1115 ad
647 1068 768 1127 muros,
790 1068 886 1131 quam
908 1050 1026 1115 dicitur
1045 1052 1159 1117 urbem

204 1136 271 1201 410
290 1134 486 1201 Acrisioneis
507 1134 618 1199 Donae
641 1132 792 1201 fundasse
815 1135 943 1214 colonis,

290 1220 465 1302 Praecipiti
487 1220 594 1285 delata
615 1219 709 1285 Noto.
752 1220 857 1285 Locus
879 1221 988 1286 Ardea
1009 1240 1030 1302 q
1053 1222 1170 1287 audem

292 1306 405 1372 Dictus
428 1305 508 1385 evis3
532 1309 567 1369 et
587 1323 672 1369 nunc
694 1323 845 1386 magnum
867 1309 958 1371 tenet
979 1240 1087 1372 Argea
1107 1326 1237 1388 nomem

271 1432 276 1449 ,
294 1391 357 1457 Sed
378 1390 514 1456 fortuna*
529 1389 599 1454 i'uit.
643 1390 750 1455 Tectis
772 1390 822 1453 bic
846 1391 972 1455 Turnus
994 1392 1028 1456 in
1050 1392 1123 1458 altis

292 1476 520 1541 Iom'mediam
542 1475 636 1557 nigra
656 1476 809 1557 carpebat
830 1480 926 1541 nocte
948 1476 1096 1558 quietem.

206 1560 272 1628 415
293 1562 428 1633 Allecto
442 1567 567 1626 torvam
588 1560 703 1625 faciem
725 1565 760 1625 et
779 1559 910 1627 furiata
930 1562 1075 1627 membra

292 1648 403 1726 Eruit3
425 1646 459 1711 in
480 1646 587 1711 voltus
609 1664 680 1711 sese
703 1644 912 1712 transformet
934 1647 1027 1712 anilis

292 1733 337 1799 Et
358 1733 498 1797 frontem
520 1730 689 1795 obscenam
711 1731 800 1812 rugis
822 1736 907 1810 arat;
929 1732 1034 1797 induit
1056 1733 1146 1797 albos

295 1818 373 1883 Cum
395 1816 477 1881 vitta
499 1812 606 1895 crinis3
630 1820 698 1880 tum
720 1832 844 1880 ramum
857 1816 1002 1882 ¹innectit
1023 1818 1139 1898 olivae3

250 1900 253 1913 ’
293 1903 347 1967 Fit
369 1901 487 1984 Calybe
509 1900 640 1966 Iunonis
662 1919 742 1965 anus
763 1902 940 1984 templique
961 1904 1123 1982 sacerdos3

207 1986 272 2053 420
293 1988 339 2065 Et
358 1985 467 2051 iuveni
488 1990 563 2051 ante
586 1986 695 2051 oculos
717 1986 767 2051 his
789 2005 824 2051 se
847 2006 918 2051 cum
940 1988 1071 2053 vocibus
1093 1987 1201 2053 offert:

294 2073 413 2151 Turne,
437 2076 487 2136 tot
507 2072 667 2141 incessum
688 2069 777 2137 lusos
798 2072 923 2154 patiere
944 2073 1079 2153 labores,

294 2159 339 2223 Et
361 2162 417 2223 tua
435 2156 608 2222 Dardaniis
631 2157 802 2223 transcribi
824 2163 952 2240 sceptra
973 2160 1117 2226 colonis?

294 2244 363 2307 Rex
385 2242 444 2307 tibi
467 2242 647 2323 coniugium
670 2246 704 2307 et
726 2242 887 2324 quaesitas
909 2245 1064 2325 sangnine
1085 2244 1178 2309 dotes

295 2329 456 2410 Abnegat,
480 2332 694 2409 ertemusque
716 2328 750 2391 in
771 2346 908 2409 regnum
928 2329 1093 2410 quaeritur
1114 2329 1217 2394 heres.

208 2412 311 2484 4251
332 2432 431 2493 nunc,
453 2413 587 2496 ingratis
610 2411 690 2477 offer
712 2418 758 2493 te,
771 2406 891 2493 'inrisa
913 2414 1055 2497 periclis;

115 2556 122 2568 .
225 2520 233 2535 ·
297 2500 490 2582 Tyrrhenas,
512 2499 537 2577 i,
559 2503 668 2564 sterne
692 2499 790 2579 acies3
812 2504 888 2581 tege
909 2519 988 2581 pace
1010 2501 1152 2566 Latinos.

197 2592 211 2623 '·
296 2585 385 2650 Haec
408 2584 487 2650 adeo
510 2584 569 2649 tibi
591 2601 657 2663 me,
678 2584 806 2666 placida
827 2604 900 2650 cum
922 2591 1017 2651 necte
1038 2585 1170 2664 iaceres,

248 2717 253 2722 ·
295 2670 371 2752 Ipsa
392 2669 507 2751 palam.
520 2668 581 2733 ieri
603 2670 806 2751 omnipotens
828 2669 979 2736 Saturnia
998 2671 1099 2737 iussit.

98 2818 105 2831 ,
183 2760 203 2799 ⁸
277 2756 402 2833 'Quare
424 2773 483 2836 age
506 2759 540 2817 et
562 2755 678 2818 armari
699 2755 817 2836 pubem
839 2757 1003 2838 portisque
1025 2756 1147 2821 moveri

209 2841 274 2906 430
295 2841 416 2906 laetus
437 2839 471 2916 in
493 2857 581 2904 arma
602 2838 690 2918 iube,
714 2844 748 2905 et
769 2841 937 2922 Phrygios,
960 2841 1015 2924 qui
1037 2841 1168 2906 flumine
1189 2839 1327 2922 pulchro

297 2924 489 3003 Consedere,
513 2924 609 2990 duces
631 2926 800 3007 pictasque
823 2944 921 2991 exure
944 2927 1076 2992 cannes

298 3008 479 3074 Caelestum
500 3009 548 3073 vis
571 3028 686 3092 magns
707 3010 805 3075 iubet
848 3011 917 3076 Rex
937 3012 1007 3094 ipse
1029 3011 1171 3090 Lebnus,

296 3095 339 3160 Ni
361 3094 437 3159 dare
461 3094 642 3176 coniugium
666 3098 699 3160 et
721 3094 807 3161 dicto
830 3114 945 3178 perere
966 3096 1095 3176 fatetur,

211 3247 214 3256 ,
297 3180 424 3246 Sentiet
446 3184 483 3264 et
502 3181 632 3246 tandem
655 3181 798 3247 Turnum
821 3182 1004 3263 experiatur
1024 3183 1058 3247 in
1080 3181 1185 3246 armis,

211 3293 315 3344 rendum
333 3293 379 3353 sit3
397 3305 421 3341 r.
434 3307 473 3342 vs.
486 3289 558 3359 3341
593 3288 653 3343 403.
674 3292 762 3344 Vitta
780 3297 947 3344 ornamentum
965 3293 1102 3343 matronale
1119 3299 1144 3342 et
1160 3292 1253 3355 insigne
1264 3290 1394 3342 muliebris

211 3357 339 3428 pudoris}
372 3357 431 3411 404.
457 3358 555 3422 roan,
579 3376 603 3409 v.
626 3357 652 3422 4,
675 3356 748 3427 4941
783 3357 843 3412 405.
865 3362 977 3426 undique
1000 3362 1124 3428 explicant
1145 3376 1194 3424 „ex
1217 3361 1267 3411 elio
1288 3360 1345 3410 loce
1370 3361 1394 3410 in

210 3429 317 3492 elinm;“
336 3429 416 3479 nescio
434 3444 465 3478 an
483 3428 567 3478 verim
584 3429 757 3494 interpreteris
778 3430 828 3492 „ab
846 3430 910 3480 omni
926 3436 998 3495 perte
1014 3431 1088 3480 animi
1105 3430 1137 3479 eb
1158 3444 1188 3479 ee
1205 3428 1328 3491 obsessi,“
1347 3444 1394 3495 qno

211 3499 279 3549 ducit
301 3495 361 3548 illud
384 3501 545 3563 totamque
563 3501 687 3564 pererret
708 3511 747 3546 vs.
770 3495 834 3560 3753
863 3499 960 3564 plonius
982 3499 1089 3548 dixeris:
1112 3497 1218 3548 stimulis
1242 3498 1275 3546 nd
1298 3512 1395 3548 omnen

211 3573 308 3632 p‘ertem
326 3567 400 3616 enimi
418 3561 558 3633 admotis„
592 3561 736 3616 406-474.
755 3566 875 3616 Ardeam
891 3566 979 3616 delete
990 3566 1088 3618 Allecto
1103 3564 1188 3617 Turni
1200 3567 1321 3615 animum
1336 3580 1396 3632 pes·-

213 3637 304 3685 certat
322 3639 347 3684 et
363 3635 400 3686 ad
415 3634 509 3685 bellum
527 3633 699 3701 inflammat}
735 3631 793 3685 406.
810 3637 912 3700 princes
930 3635 1063 3700 respondet
1080 3631 1134 3684 voci
1144 3635 1274 3700 principie
1290 3648 1331 3683 vs.
1342 3629 1395 3685 342

209 3709 238 3753 et
255 3703 359 3769 simplex
370 3703 491 3752 saumatis
502 3704 589 3752 borum
600 3702 734 3752 verborum
748 3704 807 3754 baec
819 3708 869 3752 est:
887 3702 1008 3753 Contenta
1021 3704 1066 3752 boc
1083 3702 1240 3768 principio
1258 3717 1286 3751 se
1297 3702 1396 3753 confert

212 3770 344 3831 Ardeam!
379 3769 439 3822 410.
461 3785 486 3821 V.
509 3785 548 3820 vs.
571 3768 644 3837 3721
676 3767 735 3821 412.
754 3775 836 3833 tenet,
859 3772 901 3821 alii
923 3774 1035 3836 maneti
1068 3769 1127 3823 413.
1139 3771 1216 3836 fuit,
1239 3768 1271 3819 cf.
1289 3768 1315 3833 2,
1334 3767 1394 3824 325.

213 3839 297 3890 Ardea
316 3839 372 3889 olim
390 3842 482 3890 florens
497 3841 584 3906 opibus
602 3838 668 3899 (Liv.
688 3835 776 3903 1,57)
797 3840 896 3903 Virgilii
917 3847 1000 3891 estete
1024 3840 1078 3889 solo
1095 3846 1202 3906 aspreta
1219 3839 1298 3894 erati
1334 3833 1393 3892 416.

213 3921 281 3957 rem.
300 3909 354 3956 ina.
373 3906 417 3968 ot,
436 3915 560 3972 umquam
578 3908 709 3971 sacerdos,
728 3923 752 3957 v.
772 3906 801 3960 G.
820 3905 845 3970 3,
862 3906 919 3971 211
953 3905 1013 3962 419.
1037 3923 1105 3958 anas
1126 3906 1242 3970 sarad,
1263 3913 1293 3956 ut
1318 3921 1394 3958 seron

154 4021 164 4042 4
214 3989 283 4024 aner
301 3974 374 4024 ovid.
392 3974 422 4024 Α.
441 3975 471 4024 Α.
490 3975 514 4040 1,
532 3973 596 4036 766,
616 3991 683 4026 anas
702 3981 772 4026 testa
790 3976 856 4042 apud
874 3973 983 4026 Martiel.
1002 3974 1026 4038 1,
1045 3973 1104 4040 106,
1119 3973 1145 4026 4.
1157 3975 1311 4026 —Iunom‘s
1329 3981 1394 4026 teor

203 4038 310 4108 'puppa
327 4055 352 4090 v.
370 4039 396 4104 2,
414 4038 488 4106 3191
521 4039 580 4093 423.
599 4046 743 4108 sanguim,
765 4059 824 4106 ergo
843 4043 909 4094 bella
926 4050 1040 4108 gesserat
1056 4060 1101 4111 pro
1118 4043 1221 4107 Latino,
1243 4043 1308 4109 qnod
1327 4059 1394 4094 eou-

213 4108 390 4174 probentvss.
408 4106 460 4160 425
478 4125 489 4160 s
509 4148 514 4159 .
532 4137 566 4148 —-
584 4111 671 4173 dotes,
690 4111 721 4161 cl.
740 4108 873 4174 11,369.Ι
905 4109 965 4163 425.
989 4115 1118 4177 ingrata,
1140 4126 1244 4178 quorum
1262 4112 1333 4164 nulla
1356 4118 1395 4164 est

152 4199 156 4210 =
212 4177 298 4242 gretia
316 4177 369 4226 sive
386 4127 505 4244 merces?
534 4175 594 4230 427.
617 4178 648 4228 H.
666 4180 737 4242 adea
755 4193 780 4228 v.
798 4177 824 4242 4,
840 4176 913 4244 5331
947 4177 1006 4231 430.
1027 4179 1055 4231 L.
1074 4185 1102 4232 in
1119 4195 1205 4243 arena,
1223 4181 1247 4230 in
1281 4195 1381 4244 agnem.

214 4242 274 4297 431.
293 4259 370 4296 aare
388 4257 464 4296 neves
483 4251 537 4296 cum
554 4247 712 4311 vectoribus,
729 4262 754 4297 v.
772 4262 811 4297 rs.
828 4244 887 4297 237.
904 4275 939 4284 -
954 4251 1028 4314 pict,
1052 4265 1077 4299 v.
1095 4246 1120 4312 5,
1137 4244 1211 4315 6631
1299 4285 1306 4298 .
1324 4249 1347 4300 C

214 4317 254 4366 uis
270 4331 313 4380 m,
331 4329 445 4378 magnum
453 4314 556 4381 aliquod
567 4327 662 4379 numen,
679 4314 762 4380 luno!
796 4313 855 4367 433.
872 4315 1008 4382 dictoper.
1019 4318 1088 4382 sat,
1106 4317 1237 4385 promissis
1246 4316 1394 4369 satisfecere

214 4397 243 4434 ss
267 4385 332 4436 velle
354 4384 498 4451 profitetur,
520 4382 552 4435 cl.
575 4397 613 4434 vs.
636 4381 711 4453 3661
749 4380 808 4435 434.
831 4383 917 4434 Valeo.
939 4383 978 4436 Fl.
998 4381 1029 4449 4,
1052 4381 1104 4438 747)
1123 4385 1194 4450 „Nos
1216 4399 1327 4452 voque,
1349 4400 1394 4438 ros
