2942 4975
238 326 299 390 126
608 320 642 385 Ρ.
664 320 829 385 VIRGILI
850 319 1042 385 MARONIS

324 512 403 576 Cum
426 509 519 587 Iuno,
543 512 710 573 aeternum
732 524 864 571 seruans
887 506 946 570 sub
968 512 1100 588 pectore
1121 508 1247 587 volnus,

258 646 263 655 .
320 598 410 661 Haec
432 612 553 659 secum:
575 592 670 657 Mene
693 593 822 674 incepto
845 592 1003 656 desistere
1024 592 1150 672 vietam,

322 681 390 746 Nee
410 698 505 762 posse
528 679 623 743 ltalia
645 678 843 742 Teucrorum
866 681 1013 741 avertere
1035 680 1169 758 regem?

323 766 446 848 Quippe
468 769 560 830 vetor
582 763 665 828 fatis.
707 762 855 827 Pallasne
878 779 1012 826 exurere
1035 763 1169 827 classem

257 852 300 915 40
322 851 473 932 Argivom
496 854 593 930 atque
614 850 700 931 ipsos
722 848 829 929 potuit
849 846 1057 928 submergere
1078 854 1187 929 ponto,

322 936 424 1002 Unius
447 936 487 1001 ob
509 950 624 998 noxam
647 938 680 997 et
701 932 802 997 furias
823 933 929 997 Aiacis
953 932 1058 997 Oilei?

321 1024 408 1103 Ipsa,
430 1019 514 1086 Iovis
536 1018 682 1101 rapidum
704 1018 844 1083 iaculata
867 1037 884 1082 e
906 1017 1044 1082 nubibus
1065 1018 1182 1099 ignem,
1276 1101 1279 1107 Ι

321 1106 518 1186 Disiecitque
539 1108 626 1169 rates
649 1104 830 1185 evertitque
853 1122 993 1184 aequora
1013 1104 1126 1181 ventis,
1251 1105 1262 1121 ‘

321 1191 416 1256 Illum
439 1190 653 1271 exspirantem
676 1188 828 1254 transfixo
851 1194 982 1270 pectore
1005 1187 1146 1254 flammas
1168 1191 1182 1216 ⁶

257 1278 299 1341 45
323 1276 464 1342 Turbine
488 1276 642 1357 corripuit
663 1275 858 1356 scopuloque
880 1273 984 1338 infixit
1005 1277 1114 1353 acuto;

321 1364 382 1427 Ast
404 1380 478 1443 ego,
500 1379 583 1442 quae
606 1361 711 1425 divom
733 1360 847 1426 incedo
870 1360 995 1441 regina,
1017 1360 1164 1441 lorisque

322 1449 366 1512 Et
388 1465 479 1512 soror
502 1451 535 1511 et
557 1447 707 1521 coniunx,
729 1463 887 1510 unacum
909 1449 1007 1527 gente
1029 1449 1079 1510 tot
1101 1463 1202 1510 annos

321 1533 414 1597 Bella
436 1550 521 1615 gero.
564 1532 607 1597 Et
629 1533 797 1613 quisquam
819 1549 937 1596 numen
959 1530 1091 1595 Iunonis
1113 1531 1228 1596 adorat

321 1620 508 1696 Praeterea,
532 1622 588 1681 aut
610 1617 744 1699 supplex
765 1616 829 1681 aris
851 1616 985 1698 inponet
1006 1617 1183 1680 bonorem?

257 1703 300 1767 50
407 1703 497 1767 Talia
518 1701 680 1767 flammato
702 1720 811 1766 seeum
834 1702 895 1766 dea
916 1701 1013 1767 eorde
1034 1702 1192 1781 volutans

323 1788 510 1853 Nimborum
531 1788 564 1850 15
586 1787 736 1869 petriam,
758 1787 830 1852 loca
849 1786 917 1851 feta
938 1785 1118 1852 furentibus
1140 1787 1270 1865 austris,

321 1872 466 1939 Aeoliam
487 1872 584 1937 venit.
626 1873 687 1937 Hic
708 1876 800 1936 vasto
822 1892 880 1937 rex
902 1873 1021 1937 Aeolus
1044 1876 1137 1937 antro

320 1958 487 2023 Luctantis
508 1963 622 2023 ventos
645 1955 919 2039 tempestatesque
941 1976 1073 2022 sonoras

320 2042 449 2126 Inperio
472 2043 590 2125 premit
612 2062 649 2108 ac
671 2043 784 2108 vinclis
808 2048 841 2110 et
865 2062 993 2109 earcere
1015 2042 1129 2108 155555.

255 2128 298 2193 55
319 2129 372 2193 1111
394 2127 598 2210 indignantes
619 2148 735 2211 magno
759 2148 831 2193 eum
853 2146 1017 2214 murmure
1039 2128 1156 2193 montis

321 2214 446 2281 Circum
470 2214 609 2281 claustra
630 2214 786 2292 fremunt3
810 2214 895 2279 celsa
916 2215 1010 2279 sedet
1031 2214 1152 2279 Aeolus
1174 2232 1250 2279 arce

320 2300 455 2382 Sceptra
477 2304 604 2380 tenens,
627 2301 794 2381 mollitque
817 2299 938 2365 animos
962 2304 996 2364 et
1018 2304 1178 2382 temperat
1199 2299 1281 2377 iras;

322 2386 363 2450 Ni
384 2385 493 2464 faciat,
516 2386 616 2451 maria
638 2405 675 2451 ac
698 2391 803 2451 terras
826 2386 1013 2466 caelumque
1036 2384 1231 2467 profundum

321 2471 445 2555 Quippe
467 2470 574 2538 ferant
595 2472 699 2555 r'apidi
721 2491 830 2538 secum
851 2475 1045 2552 verrantque
1067 2490 1127 2555 per
1147 2490 1250 2537 auras.

256 2556 298 2622 60
321 2557 384 2622 Sed
406 2561 500 2638 pater
523 2559 725 2640 omnipotens
747 2557 908 2640 speluncis
931 2557 1055 2622 abdidit
1077 2557 1163 2636 atris,
1225 2620 1235 2630 ,

318 2643 389 2708 Hoc
410 2647 570 2721 metuens,
592 2643 774 2724 molemque
797 2647 831 2708 et
852 2643 970 2708 montis
992 2643 1123 2726 insuper
1145 2642 1229 2708 altos

318 2727 478 2810 Inposuit,
500 2745 672 2810 regemque
695 2729 796 2808 dedit,
819 2729 873 2810 qui
896 2727 1027 2794 foedere
1051 2734 1139 2795 certo

318 2814 362 2877 Et
383 2831 529 2895 premere
552 2819 586 2877 et
608 2814 695 2879 laxas
718 2814 818 2879 sciret
840 2815 917 2880 dare
939 2815 1044 2879 iussus
1067 2814 1217 2880 habenas.

319 2899 369 2962 Ad
392 2916 487 2978 quem
509 2903 577 2962 tum
600 2900 679 2964 Iuno
703 2900 838 2982 supplex
858 2899 908 2966 his
930 2899 1061 2964 vocibus
1084 2917 1142 2965 555
1164 2904 1228 2966 est:

254 2981 296 3046 65
318 2982 431 3062 Aeolo,
453 3001 591 3066 namque
614 2985 672 3049 tibi
695 2985 802 3050 divom
823 2990 917 3068 pater
939 2991 1036 3068 atque
1059 2985 1225 3050 bominum
1246 3003 1304 3050 rex

317 3069 361 3133 Et
383 3068 533 3158 mulcerev
546 3070 636 3135 dedit
657 3069 773 3137 fluctus
796 3076 831 3136 et
853 3071 969 3136 tollere
991 3074 1097 3150 vento,

320 3154 406 3219 Gens
428 3153 557 3220 inimica
578 3155 656 3220 mibi
679 3156 879 3239 Tyrrhenum
901 3157 1032 3240 navigat
1053 3174 1205 3239 aequor„
1278 3164 1281 3168 “

318 3239 411 3306 Ilium
433 3240 466 3304 in
488 3241 614 3307 ltaliam
636 3247 769 3323 portans
789 3242 956 3325 victosque
978 3242 1124 3308 Penatis:

231 3360 395 3447 5555851
429 3375 471 3430 36.
490 3377 521 3427 el.
539 3393 577 3428 vs.
596 3374 654 3443 251
687 3375 730 3428 39.
754 3380 851 3446 (1551555
872 3380 967 3431 1555155
991 3377 1096 3447 servit}
1130 3374 1173 3428 41.
1192 3379 1222 3428 55
1248 3379 1300 3429 vim
1322 3381 1345 3429 in
1369 3377 1405 3428 lli·

232 3463 325 3498 uervae
335 3447 426 3513 templo
437 3445 527 3502 laetam
535 3446 701 3498 Cassandrae.
709 3448 855 3512 —suriarr
866 3448 936 3498 Hom.
943 3444 1066 3512 11.20,87
1076 3449 1195 3515 „Molpa
1201 3449 1248 3497 καὶ
1254 3440 1405 3517 ἠεροφοῖτις

228 3525 365 3600 Ἐρινὺς
377 3534 482 3602 φρεσὶν
496 3529 602 3600 {ppulo
629 3524 730 3598 ἄγριον
739 3525 836 3595 655555
845 3561 878 3571 -
891 3532 963 3596 Oilei,
988 3550 1012 3584 v.
1026 3533 1054 3582 Ε.
1069 3530 1094 3596 6,
1106 3529 1163 3596 uel
1184 3529 1240 3586 ,Aa
1257 3533 1322 3585 Stat
1336 3531 1405 3583 Tbcb.

232 3599 273 3662 11,
291 3598 308 3651 2
325 3602 585 3668 „exspiravitque
598 3547 730 3667 &ceptum
748 3601 871 3652 Fulmen“
891 3597 1045 3671 (1515555551
1078 3599 1121 3653 46.
1139 3603 1242 3668 incedo,
1265 3617 1290 3654 v.
1310 3599 1339 3667 5,
1357 3595 1406 3665 681

231 3665 272 3718 47.
293 3685 361 3730 terra,
380 3671 481 3731 eadem;
507 3686 552 3734 ego
572 3674 699 3720 totaunos
724 3685 780 3720 cum
797 3685 845 3720 una
863 3672 998 3736 eademqne
1016 3678 1090 3734 gente
1108 3670 1175 3721 bella
1192 3686 1266 3735 gero,
1286 3687 1330 3722 nee
1348 3669 1406 3736 potui

231 3735 469 3806 55551555155551
502 3735 545 3788 49.
561 3741 713 3804 praeterea,
731 3740 844 3805 posthae.
879 3740 1006 3790 Aduerbia
1025 3739 1154 3806 praeteriti
1170 3736 1281 3791 iuturive
1299 3738 1407 3805 temporis

230 3821 277 3856 non
295 3806 435 3856 necessario
455 3808 583 3870 requirunt
600 3806 711 3858 Verbum
732 3808 841 3858 eiusdem
861 3809 993 3874 temporis,
1017 3807 1091 3874 Prcp.
1109 3805 1134 3871 2,
1152 3805 1177 3871 7,
1199 3803 1217 3858 2
1241 3809 1406 3874 „quondan

184 3932 187 3941 Ι
231 3873 361 3924 11555511
386 3889 431 3940 pro
447 3875 580 3940 flerimus.
615 3874 700 3926 luven.
718 3873 744 3938 4,
762 3873 795 3926 97
820 3876 907 3940 „olim
931 3876 1042 3943 prodigio
1067 3891 1116 3942 par
1139 3883 1187 3926 est
1209 3892 1264 3927 eum
1288 3877 1407 3926 nobilitate

230 3943 370 3993 senectus.“
405 3942 507 3993 Terent.
524 3943 585 3993 Eun.
603 3941 635 4007 2,
659 3941 690 4007 3,
707 3939 742 3994 46
766 3943 802 4008 „C
811 3959 864 3994 555
882 3950 930 3995 est
947 3945 1005 3995 mibi
1023 3945 1165 3995 iudicium.“
1199 3943 1283 3996 Plaut.
1303 3945 1371 4009 Trin.
1386 3941 1406 4002 3,

230 4007 254 4075 3,
272 4009 304 4062 87
323 4009 393 4074 „ugo
412 4013 591 4079 sycophantam
611 4013 669 4062 iarn
688 4008 870 4079 5555555.“1
903 4009 945 4063 52.
965 4014 1097 4076 Aeoliam,
1122 4028 1185 4078 quae
1203 4029 1252 4064 una
1271 4013 1406 4065 5555515-

230 4080 291 4130 55115
309 4079 436 4132 Vulcaniis
456 4081 487 4129 ud
507 4079 638 4147 Siciliam!
670 4077 711 4131 53.
731 4080 882 4142 Laetantes,
901 4097 1031 4149 erumpere
1050 4097 1147 4148 semper
1164 4079 1296 4146 nitentes!
1331 4079 1371 4133 sl.
1387 4093 1405 4127 5.

230 4147 253 4212 7,
273 4144 345 4217 7371
380 4144 421 4202 58.
437 4148 610 4216 profundum,
628 4145 731 4215 5115551
749 4146 790 4198 61.
808 4149 903 4199 molem
922 4155 949 4200 ct
964 4153 1073 4212 menter,
1090 4151 1179 4202 molem
1197 4151 1329 4215 montinm3
1348 4149 1407 4200 siml·

229 4218 260 4268 lis
278 4218 426 4285 epexegesis
441 4215 466 4282 3,
480 4213 538 4269 223.
560 4216 583 4282 7,
598 4215 655 4268 751.
669 4215 727 4269 775.
747 4215 771 4280 9,
782 4214 840 4270 354.
859 4215 900 4282 11,
912 4215 953 4269 22.
972 4216 1014 4282 12,
1027 4215 1086 4271 869.
1099 4248 1133 4256 -
1150 4215 1406 4291 155555551555555,

229 4286 260 4336 cl.
270 4286 294 4351 3,
304 4281 379 4358 5791
408 4283 449 4339 62.
462 4301 546 4352 regem
558 4285 634 4350 dedit,
647 4287 689 4352 qni
702 4286 777 4336 555515
789 4287 886 4350 legibus
899 4288 1034 4338 adstrietns'
1047 4287 1123 4339 sciret
1135 4289 1204 4338 iussa
1216 4288 1283 4339 lovis
1297 4285 1406 4352 exsequi}

227 4371 253 4407 v.
273 4355 302 4408 G.
322 4353 352 4422 1,
377 4353 435 4425 601
477 4351 519 4409 63.
541 4369 676 4423 prensare,
701 4350 849 4426 adducere}
887 4350 928 4406 65.
953 4348 1045 4424 πατὴρ
1068 4349 1182 4426 ἀνδρῶν
1205 4371 1236 4407 τε
1261 4355 1340 4411 erdo
1362 4355 1408 4425 551
