2942 4975
188 294 257 363 360
560 294 594 358 P.
617 292 789 399 incolui
803 292 995 359 MARONIS

264 480 387 547 ‘Adiari
410 485 588 546 extremm
609 480 746 545 miserae
765 480 842 545 data
864 480 956 562 copia
975 479 1093 545 matri?

188 566 253 633 485
274 567 361 647 Heu,
382 570 471 631 terra
489 565 602 647 ignota
624 565 755 630 canibus
777 565 853 630 date
873 565 996 647 praeda
1015 564 1140 629 Latinis

275 651 478 733 alitibusque
499 650 600 716 iacesl
633 668 693 715 nec
715 654 750 714 te
773 654 829 714 tua
849 648 976 728 funera,
999 654 1112 729 mater,

275 736 427 815 Produxi,
449 734 591 817 pressive
614 734 736 813 oculos,
759 739 816 799 aut
836 735 970 799 volnera
989 734 1062 812 lavi,

276 821 376 886 Veste
397 826 525 901 tegent,
544 819 605 885 tibi
628 838 722 901 quam
745 822 857 884 noctes
878 818 997 884 festina
1018 819 1151 901 diesque

275 905 460 989 Urguebam
483 910 516 969 et
537 905 604 970 tela
627 922 718 970 curos
740 904 868 969 solabar
889 904 992 969 anilis.

189 990 254 1056 490
276 990 345 1069 Quo
368 992 506 1071 sequar?
540 994 596 1055 aut
617 1007 699 1071 quae
721 1007 806 1053 nunc
828 994 917 1054 artus
939 989 1112 1069 avolsaque
1133 990 1279 1055 membra

274 1076 318 1140 Et
338 1074 434 1140 funus
455 1075 596 1140 lacerum
618 1074 715 1141 tellus
736 1073 855 1139 habet?
898 1074 968 1139 Hoc
989 1073 1067 1137 mihi
1089 1074 1130 1138 de
1152 1078 1195 1150 te,

276 1160 375 1239 Nate,
395 1158 520 1228 refers?
552 1159 613 1224 hoc
635 1177 706 1223 sum
726 1163 879 1240 terraque
899 1158 1043 1240 marique
1065 1161 1196 1223 secuta?

275 1244 381 1325 Figite
402 1263 467 1324 me,
490 1244 516 1308 si
538 1261 602 1326 qua
624 1248 675 1309 est
695 1244 812 1325 pietas,
833 1244 868 1307 in
888 1262 941 1307 me
964 1243 1070 1308 omnia
1092 1243 1159 1308 tela
1230 1306 1234 1317 ,

277 1328 443 1409 Condate,
466 1348 484 1394 o
507 1329 630 1407 Rutuli,
653 1346 704 1393 me
726 1328 863 1411 primam
883 1329 1040 1393 absumite
1062 1326 1165 1407 ferr03

190 1412 255 1479 495
276 1415 343 1479 Aut
365 1418 413 1493 tu,
435 1433 551 1496 magne
572 1418 665 1496 pater
687 1413 807 1492 divom,
829 1413 995 1491 miserere,
1017 1417 1138 1494 tuoque

275 1499 416 1564 Invisum
437 1498 500 1564 hoc
522 1500 657 1564 detrude
680 1503 777 1579 caput
797 1498 857 1563 sub
879 1498 1016 1563 Tartara
1036 1497 1113 1576 telo,
1188 1548 1192 1554 ,

276 1583 409 1662 Quando
433 1584 529 1649 aliter
549 1602 674 1665 nequeo
699 1583 863 1648 crudelem
884 1583 1074 1666 abrumpere
1096 1582 1204 1647 vitam.

275 1669 345 1734 Hoc
367 1668 446 1733 fletu
469 1670 614 1734 concussi
636 1667 747 1747 animi,
768 1669 972 1749 maiestasque
995 1685 1053 1749 per
1075 1668 1177 1731 omnis

276 1754 307 1818 It
328 1754 634 1835 gemitus3c0rpent
654 1752 812 1818 infractae
833 1754 874 1818 ad
896 1752 1020 1834 proelia
1040 1752 1135 1817 uires.

183 1836 256 1907 500
276 1837 368 1903 illam
390 1838 615 1903 incendentem
637 1837 743 1903 luctus
764 1838 880 1903 Idaeus
902 1842 936 1902 et
957 1840 1057 1902 Actor

275 1922 389 1987 Ilionei
411 1923 535 1988 monitu
558 1927 591 1987 et
612 1923 750 1987 multum
770 1923 969 1987 lacrimantis
989 1921 1051 1987 Iuli

277 2006 460 2091 Corripiunt
480 2008 630 2089 interque
651 2025 765 2083 manus
787 2008 846 2072 sub
869 2012 957 2073 tecta
976 2011 1145 2089 reponunt.

359 2094 403 2158 At
424 2092 503 2159 tuba
524 2093 702 2158 terribilem
724 2093 865 2157 sonitum
886 2092 1000 2174 procul
1021 2110 1096 2166 aere
1118 2109 1237 2157 canoro

275 2178 452 2261 Increpuit3
477 2179 622 2259 sequitur
644 2178 777 2255 clamor,
800 2177 987 2258 caelumque
1008 2176 1167 2258 remugit<

189 2260 253 2327 505
274 2262 471 2329 Adcelerant
493 2268 566 2328 acta
587 2262 707 2346 pariter
729 2262 893 2327 testudine
915 2262 1036 2340 Volsci3
1138 2264 1148 2273 “

273 2348 318 2412 Et
339 2347 440 2414 fossas
462 2348 587 2430 inplere
608 2351 726 2430 parant
748 2366 785 2411 ac
806 2347 928 2411 vellere
950 2347 1077 2412 vallum.

276 2432 443 2510 Quaerunt
463 2451 537 2516 pars
559 2434 682 2500 editum
705 2436 738 2498 et
760 2432 854 2498 scalis
876 2432 1051 2498 ascendere
1072 2448 1190 2511 muros,

238 2581 240 2584 .
276 2518 345 2595 Qua
366 2537 440 2584 rara
463 2524 513 2584 est
535 2519 619 2584 acies
640 2519 878 2599 interlucetque
901 2537 1019 2583 corona

189 2679 321 2746 sperabam
339 2679 450 2731 futurum
468 2695 524 2730 esse
542 2679 676 2730 senectutis
694 2695 764 2730 meae
781 2680 898 2745 requiem,
915 2696 940 2731 v.
959 2677 1001 2742 10,
1018 2671 1093 2744 8621
1125 2674 1185 2729 484
1202 2677 1273 2740 Adf.
1291 2682 1369 2740 extr,

187 2761 213 2797 v.
232 2745 258 2810 2,
275 2743 347 2816 6441
382 2744 441 2798 485.
460 2749 529 2808 date,
546 2747 684 2798 Vocativua
701 2763 747 2814 pro
765 2748 931 2809 Nominativo,
949 2754 978 2797 nt
996 2745 1038 2810 10,
1055 2744 1114 2798 327.
1134 2744 1176 2809 12,
1192 2743 1253 2798 947.
1272 2746 1328 2797 Tit.
1344 2745 1370 2808 1,

191 2812 215 2878 7,
227 2810 269 2878 53,
288 2819 421 2879 attractus,
440 2817 642 2880 quemadmodum
660 2816 814 2878 grammatici
832 2816 974 2881 loquuntur,
993 2830 1008 2865 a
1026 2817 1133 2865 secunda
1150 2811 1368 2882 personaverit!
1454 2858 1455 2861 ,

187 2878 248 2933 486.
259 2884 385 2947 funcra:
409 2883 518 2947 funerus,
541 2891 569 2934 ut
586 2884 665 2933 refert
682 2883 793 2945 Servius,
811 2885 904 2948 antiqui
922 2899 965 2934 aaa
984 2884 1105 2945 dicabant,
1122 2883 1155 2933 ad
1173 2899 1236 2948 quas
1254 2883 1327 2933 sunna
1344 2890 1369 2933 et
1454 2876 1455 2943 J

188 2952 336 3017 praecipuus
360 2951 382 3001 in
409 2950 493 3002 iuuere
516 2951 588 3002 dolor
609 2951 728 3018 pertinet,
751 2958 780 3001 ut
801 2959 920 3014 matram,
944 2967 1062 3003 sororem.
1080 2979 1114 2988 -
1133 2957 1180 3001 tua
1198 2948 1369 3019 ἐμφαηκῶς,
1454 2998 1455 3017 ,

188 3025 216 3068 ut
232 3026 276 3070 tua
294 3017 381 3070 funcra
399 3020 432 3070 ait
444 3035 481 3081 ea,
500 3035 563 3085 quae
574 3020 650 3070 filium
663 3019 759 3070 iuuaret
770 3020 911 3086 lugeatque,
929 3035 984 3070 cum
996 3020 1128 3070 secundum
1141 3019 1254 3070 ordinem
1265 3028 1369 3070 naturae
1454 3024 1455 3045 ¹

187 3086 253 3138 lilius
278 3088 302 3137 id
320 3087 394 3137 matri
413 3094 543 3154 praestare
560 3087 672 3156 debeat!
707 3083 767 3138 487.
785 3088 917 3146 Produxi,
943 3087 1016 3138 funus
1034 3089 1078 3138 tibi
1097 3088 1170 3149 duxi3
1196 3087 1257 3138 Luc.
1277 3086 1302 3150 2,
1320 3083 1370 3138 298
1454 3152 1455 3157 ¹

186 3155 302 3219 ,longum
321 3156 458 3220 producere
476 3154 548 3206 funus
566 3158 597 3206 ad
616 3153 764 3222 tumulosf‘l
798 3153 858 3208 488.
882 3157 963 3206 Veste
981 3160 1085 3221 tegens,
1107 3171 1152 3205 nce
1177 3162 1249 3206 vesta
1267 3163 1292 3206 te
1309 3156 1368 3206 texi.

186 3223 305 3275 Similiter
322 3225 394 3274 modo
413 3225 516 3288 quodam
535 3225 723 3288 negligentiore,
748 3226 789 3275 ubi
807 3225 891 3275 Verba
909 3225 978 3274 linita
996 3230 1141 3289 exspectes,
1157 3223 1293 3290 Partiaipia
1311 3225 1369 3276 aab·
1454 3250 1455 3263 ι

186 3293 323 3343 stitnuntur
340 3309 380 3344 va.
399 3286 449 3344 734
467 3308 503 3358 sq.
522 3297 686 3356 „Agnoscunt
705 3292 794 3344 faciem
816 3293 921 3343 invisam
939 3299 1013 3356 atqua
1030 3293 1144 3342 immania
1162 3293 1275 3342 membra
1294 3291 1368 3344 Tur·
1454 3294 1455 3321 ³

186 3361 258 3410 bati
280 3360 361 3412 subito
384 3361 546 3424 Aeneadae‚“
571 3361 586 3411 i.
605 3377 628 3426 q.
652 3376 730 3428 caque
752 3377 780 3412 re
805 3363 953 3424 turbantur3
978 3358 1018 3422 10,
1042 3357 1115 3424 1931
1148 3356 1208 3411 489.
1234 3376 1316 3426 quarn

187 3443 227 3479 aar
260 3431 348 3480 altam
365 3434 391 3480 et
408 3429 542 3482 sotatur·
560 3444 672 3493 curae,
691 3429 707 3479 i.
726 3445 748 3480 a.
767 3443 840 3494 quarn
857 3443 973 3492 urgens
990 3429 1092 3484 solabar
1109 3443 1197 3489 curas,
1216 3427 1248 3479 ci.
1265 3425 1293 3488 4,
1310 3426 1368 3481 264

186 3494 210 3560 3,
301 3497 436 3561 „libabant
457 3499 545 3564 pocula
617 3504 811 3564 paterasque
834 3497 1014 3558 tenebant,“
1039 3498 1055 3546 i.
1074 3512 1095 3546 e.
1118 3503 1227 3546 anactea
1249 3505 1367 3565 pateram

110 3567 111 3570 ’
186 3561 228 3625 10,
246 3561 280 3616 83
298 3566 413 3631 „figitque
437 3567 619 3630 volatque,“
642 3566 659 3617 i.
679 3581 700 3617 a.
724 3567 778 3628 tigit
802 3564 904 3627 volana3
927 3563 992 3619 adde
1015 3561 1057 3627 10,
1080 3561 1154 3625 3301
1195 3561 1369 3631 49110503,

186 3647 211 3682 v.
230 3629 255 3696 6,
273 3630 332 3684 510.
351 3661 384 3672 -·
402 3635 461 3696 doc,
486 3641 561 3701 coqmt
584 3634 607 3684 iu
630 3635 724 3700 pertica
747 3631 864 3686 suffixum
887 3648 927 3684 va.
944 3631 996 3685 465
1012 3629 1066 3700 aql
1100 3630 1160 3682 492.
1183 3634 1230 3683 doc
1250 3651 1274 3685 a.
1297 3639 1316 3684 t.
1333 3652 1369 3686 aa.

186 3715 250 3762 sec,
279 3702 324 3751 hoc
345 3708 374 3751 nt
397 3704 455 3753 milri
478 3704 588 3754 eveniret
611 3710 661 3755 tam
685 3703 758 3764 longo
783 3703 935 3769 molestoque
958 3701 1037 3752 reneri
1060 3716 1161 3767 operam
1186 3701 1259 3752 dedi?
1286 3707 1371 3770 acqui,
1454 3722 1455 3773 ι

230 3757 236 3776 Ι
458 3760 464 3779 Ι
568 3761 574 3780 Ι

186 3765 311 3828 damaeta,
336 3777 366 3820 ut
389 3770 500 3836 μεγαλα
523 3769 633 3823 οιωκων
658 3771 745 3836 Eurip.
768 3771 856 3820 Baccln
878 3765 929 3820 396
952 3779 979 3820 et
1000 3784 1078 3834 supra
1100 3766 1126 3828 5,
1143 3765 1195 3818 629
1219 3786 1283 3836 „per
1300 3787 1369 3824 merc

184 3833 282 3886 Italiam
302 3851 328 3886 se
344 3837 465 3907 uimnr.“q
501 3835 560 3889 493.
580 3842 606 3888 at
621 3855 642 3904 q.
662 3855 683 3889 a.
700 3841 797 3904 piatas,
815 3839 837 3888 si
855 3853 911 3901 vos,
927 3845 957 3889 nt
974 3837 1012 3888 los
1027 3843 1076 3897 eat,
1094 3838 1195 3888 miseret
1206 3842 1296 3891 matris
1307 3840 1368 3890 iale-

184 3899 262 3966 licis!
295 3853 355 3954 499.
374 3907 456 3969 crud,
474 3921 498 3956 v.
517 3905 542 3970 2,
559 3903 634 3962 3681
669 3903 727 3958 499.
753 3907 820 3972 iqsr.
839 3921 863 3955 v.
882 3905 923 3967 12,
944 3903 981 3960 tt
1016 3901 1076 3957 500.
1096 3920 1121 3954 v.
1140 3902 1181 3967 10,
1199 3902 1273 3977 8951
1308 3906 1368 3958 501.

184 3970 267 4033 11.‚v.
285 3970 314 4022 Ε.
334 3972 358 4035 6,
377 3970 433 4039 781
468 3973 527 4026 502.
545 3978 614 4025 inter
631 3989 679 4039 tra,
701 3990 726 4024 v,
751 3973 776 4034 2,
794 3969 926 4094 0814(Β
950 3973 956 3990 ‘
1000 3971 1059 4024 589.
1083 3973 1153 4024 Dato
1174 3977 1255 4040 cigno
1280 3980 1367 4044 coepta

186 4041 346 4106 oppugnatio
364 4045 513 4092 castrorum
531 4058 589 4092 carn
607 4045 685 4093 varia
696 4039 840 4109 fortuna]
927 4081 934 4092 .
952 4042 1038 4092 Litora
1051 4043 1162 4091 terebro
1174 4045 1280 4109 repetita
1293 4045 1368 4096 nabat

185 4107 297 4159 terribile
315 4107 381 4173 quid,
399 4112 492 4160 numeri
509 4111 637 4162 imitantur
654 4110 762 4162 fractum
780 4126 866 4162 sonum
876 4112 960 4162 tubae.
990 4110 1082 4160 Ennius
1095 4126 1183 4176 parum
1195 4115 1368 4166 convenienter

185 4175 298 4240 dignitati
315 4177 376 4243 apici
394 4179 509 4228 carminis
531 4178 582 4240 „At
605 4179 665 4228 tuba
683 4178 789 4229 terribili
806 4180 886 4230 sonitu
903 4185 1064 4230 taratantara
1082 4177 1187 4241 dirit.“l
1221 4179 1282 4234 505,
1301 4198 1326 4233 v.
1342 4177 1367 4242 2,

183 4242 243 4298 441.
268 4272 299 4281 -
325 4247 440 4312 pariter,
465 4247 523 4312 quia
540 4247 564 4296 iu
582 4259 612 4296 aa
630 4261 657 4298 re
675 4247 730 4312 pari
754 4249 859 4298 omniurn
884 4249 981 4299 incessu
1005 4253 1121 4312 motuque
1144 4263 1206 4312 apua
1228 4257 1298 4313 erat,
1320 4265 1366 4316 qao

184 4314 267 4379 apu‘ua
286 4321 358 4367 acuta
376 4313 440 4368 inter
457 4330 485 4366 se
502 4319 713 4366 connecterentur.
731 4342 766 4352 -
789 4316 897 4366 Volsci
921 4315 1043 4381 equites
1065 4313 1198 4368 adsuerunt
1216 4318 1315 4381 Turno,
1336 4317 1366 4368 et.
