2942 4975
457 298 462 303 ’
498 322 712 389 squamos
734 324 814 389 urs.
836 325 923 389 viu.
1238 309 1315 391 sao

206 510 358 589 Rettulit,
382 514 416 575 et
437 510 543 591 gelida
564 514 723 576 monstrat
745 510 804 577 sub
825 530 907 593 rupe
928 512 1096 593 Lupercal,

205 594 376 661 Parrhasio
398 595 520 660 dictum
541 596 646 660 Panos
668 596 709 661 de
731 614 820 662 more
842 597 967 678 Lycaei.

115 681 185 747 345
206 680 276 747 Neo
298 699 363 744 non
387 684 420 744 et
442 680 524 745 sacri
546 685 706 745 monstrat
727 700 838 746 nemus
860 681 1006 763 Argileti,

207 766 423 845 Testaturque
445 765 564 844 lucum,
588 770 621 831 et
642 766 744 831 letum
767 767 862 831 docet
883 766 1018 848 hospitis
1039 766 1126 848 Argi.

206 851 290 916 Hinc
312 852 353 915 ad
375 850 543 932 Tarpeiam
567 850 676 915 sedem
699 856 732 916 et
755 851 912 934 Capitolia
933 852 1031 931 ducit,

206 937 315 1001 Aurea
336 953 433 1013 nunc,
457 935 531 1000 olim
555 936 755 1001 silvestribus
777 936 907 1002 horrida
928 937 1041 1002 dumis.

207 1022 275 1086 Iam
297 1026 365 1085 tum
387 1020 499 1102 religio
521 1022 653 1102 pavidos
676 1022 820 1086 terrebat
842 1023 978 1103 agrestis

116 1106 186 1173 350
206 1107 285 1171 Dira
306 1105 381 1184 loci;
403 1106 468 1170 iarn
491 1110 559 1170 tum
583 1106 694 1170 silvam
717 1124 890 1189 saxumque
912 1108 1102 1172 tremebant.

206 1191 277 1256 Hoc
299 1207 425 1269 namne,
447 1191 546 1270 bunc,
568 1190 686 1272 inquit,
708 1191 860 1257 frondoso
881 1193 1003 1257 vertice
1026 1192 1148 1270 collem,

208 1276 285 1354 Quis
308 1277 387 1340 deus
409 1276 567 1340 incertum
591 1282 654 1354 est,
676 1276 801 1357 habitat
823 1278 916 1356 deus3
938 1278 1080 1343 Arcades
1101 1277 1205 1359 ipsum

208 1361 352 1427 Credunt
374 1360 548 1425 sevidisse
570 1362 694 1440 lovem,
717 1380 788 1427 cum
810 1381 906 1445 saepe
928 1363 1110 1444 nigrantem

207 1446 331 1528 Aegida
353 1450 541 1511 concuteret
562 1448 690 1525 dextra,
712 1446 901 1529 nimbosque
925 1448 1031 1513 cieret

117 1531 185 1598 355
206 1532 295 1596 Haec
318 1532 381 1595 duo
403 1536 573 1612 praeterea
595 1532 735 1597 disiectis
758 1532 876 1615 oppida
896 1534 1004 1609 muris,

73 1634 76 1641 ·
206 1616 370 1697 Reliquias
393 1620 602 1699 veterumque
624 1617 713 1682 vides
735 1623 943 1683 monumenta
964 1618 1113 1683 virorum.

92 1727 112 1740 ⁸
206 1702 298 1766 Hanc
320 1701 416 1765 Ianus
438 1705 544 1783 pater,
566 1701 651 1767 hanc
672 1702 830 1768 Saturnus
853 1703 996 1768 condidit
1018 1722 1138 1781 arcam3
1195 1707 1201 1718 “

206 1787 383 1851 Ianiculum
404 1785 492 1865 huie,
513 1787 561 1851 illi
583 1786 691 1852 iuerat
713 1787 865 1853 Saturnia
886 1807 1011 1853 nomen.

208 1871 337 1937 Talibus
359 1872 445 1935 inter
466 1890 501 1935 se
524 1873 617 1937 dictis
641 1873 681 1937 ad
703 1877 792 1939 tecta
812 1873 964 1938 subibant

118 1956 186 2023 360
207 1956 360 2038 Pauperis
382 1956 539 2036 Euandri,
561 1958 744 2040 passimque
766 1963 912 2024 armenta
932 1959 1085 2044 videbant

206 2044 415 2124 Romanoque
437 2040 506 2107 loro
531 2047 564 2106 et
585 2043 682 2126 lautis
704 2044 829 2124 mugire
852 2044 984 2109 Carinis

205 2128 253 2193 Ut
273 2130 406 2192 rentum
429 2127 469 2191 ad
492 2128 599 2192 sedes:
627 2128 730 2206 Haec,
752 2129 869 2210 inquit,
891 2130 1003 2193 limina
1024 2129 1127 2193 victor

167 2255 169 2257 -
206 2213 337 2278 Alcides
360 2212 470 2291 subiit,
493 2213 572 2278 baec
593 2213 685 2277 illum
706 2214 797 2293 regia
819 2214 912 2296 cepit

206 2298 312 2377 Aude,
333 2297 464 2383 hospeS,
487 2302 693 2362 contemnere
717 2315 809 2380 opes,
831 2304 865 2364 et
886 2304 920 2363 te
943 2315 1070 2380 quoque
1093 2298 1224 2379 dignum

119 2383 185 2449 365
206 2384 309 2465 Finge
332 2383 407 2462 deo,
429 2382 589 2463 rebusque
611 2384 685 2447 veni
706 2402 771 2447 non
794 2402 888 2465 asper
909 2381 1027 2464 egenis.

206 2468 309 2548 Dixit,
333 2472 367 2534 et
388 2468 516 2550 angusti
538 2469 650 2534 subter
672 2467 802 2551 fastigia
823 2469 900 2534 tect'

117 2641 209 2700 lucus
227 2649 296 2711 est‚“
314 2647 368 2700 Liv.
387 2646 411 2711 1,
424 2643 462 2716 8.]
497 2643 557 2697 343.
575 2646 644 2696 Reti.
662 2647 768 2714 Asylum
787 2645 910 2698 Graecum
928 2653 968 2697 est
985 2662 1080 2709 nomen,
1098 2646 1268 2709 Graecares3
1288 2660 1304 2695 a

118 2716 225 2786 Graecis
244 2731 295 2766 rem
314 2732 448 2781 nomenque
471 2716 570 2782 repetiit
593 2731 613 2765 s.
637 2716 766 2767 rettulit
787 2715 920 2777 Romulus3
943 2717 1028 2780 itaque
1045 2722 1114 2765 recte
1131 2715 1246 2776 Servius,
1270 2714 1303 2763 ad

118 2785 317 2849 antiquissimum
335 2785 395 2835 illud
416 2784 522 2852 asylum,
541 2784 582 2834 vel
600 2785 715 2851 templum
735 2785 776 2834 vel
794 2798 863 2834 aram
880 2784 1075 2845 Misericordiae,
1094 2800 1142 2849 qno
1155 2783 1305 2833 Heraclidae

118 2852 292 2916 confugerunt,
311 2854 372 2902 haee
389 2854 468 2902 verba
486 2853 610 2918 pertinere
630 2859 701 2903 ratus
719 2852 796 2915 „iecit
813 2853 845 2902 ud
863 2853 1023 2903 imitationem
1035 2851 1192 2902 Atheniensis
1204 2851 1304 2918 Asyli.“
1402 2912 1406 2923 .

117 2950 154 2961 —
172 2921 315 2988 Lupercal,
339 2927 437 2970 antrum
461 2922 506 2970 sub
530 2927 611 2970 monte
634 2921 748 2970 Palatino
771 2921 831 2971 Pani
854 2923 976 2978 sacrum!
1011 2917 1070 2971 344.
1093 2920 1120 2970 ld
1143 2919 1266 2986 Lupercal
1288 2934 1304 2968 a

118 2991 210 3056 lupis
229 2989 370 3056 appellasse
386 2989 489 3040 Romani
509 2989 632 3051 dicuntur,
651 3006 680 3040 eo
699 3004 783 3039 more
800 2992 824 3039 in
844 2991 889 3038 hoc
905 2990 1001 3046 nomiae
1018 2990 1067 3052 usi,
1085 3005 1132 3053 quo
1145 2986 1245 3050 Graeci,
1263 2988 1304 3051 qui

120 3058 213 3109 Panem
237 3057 363 3125 Lycaeum
386 3073 401 3107 a
424 3057 546 3107 vocabulo
570 3048 654 3112 λύκος
677 3061 732 3120 (nou
758 3073 774 3106 a
796 3058 932 3120 cognomini
955 3060 1048 3117 moute)
1076 3073 1162 3107 nornen
1188 3057 1306 3106 babuisse

117 3126 239 3177 ferebant.
251 3151 286 3161 —
298 3126 465 3174 Parrhasi
470 3140 487 3174 a
504 3126 618 3190 oppidum
639 3126 771 3188 Arcadiae,
789 3126 873 3190 itaque
890 3127 1056 3175 Parrhasius
1072 3127 1089 3175 i.
1108 3141 1130 3190 q.
1143 3121 1304 3191 Arcadiae}

117 3191 179 3246 345.
197 3192 352 3258 Argiletum
372 3192 460 3258 (Argi
478 3193 586 3259 letum)
606 3195 674 3243 locus
693 3195 759 3243 iuter
771 3194 934 3258 Capitolinum
952 3200 977 3243 et
988 3193 1146 3254 Aventinum3
1164 3194 1198 3242 ibi
1216 3198 1306 3257 postea

116 3262 220 3314 tuarum
233 3262 352 3311 tabernae
364 3262 532 3322 librariorum,
550 3269 669 3311 sutorum.
697 3262 832 3324 „Euander
842 3263 935 3324 Argum
946 3261 1065 3326 quendam
1079 3262 1177 3326 excepit
1188 3259 1302 3323 hospitio.

118 3330 169 3397 Qui
187 3345 241 3380 cum
260 3331 290 3380 de
308 3331 361 3380 eius
380 3330 503 3392 cogitaret
519 3331 630 3392 interitu,
648 3336 677 3380 ut
693 3331 746 3394 ipse
765 3338 891 3393 regnaret,
909 3329 1026 3379 Euandro
1039 3331 1100 3378 haec
1117 3345 1164 3378 non
1182 3327 1306 3377 sentiente

118 3399 180 3450 socii
197 3399 374 3449 intellexerunt
386 3404 411 3446 et
422 3399 514 3460 Argum
533 3404 660 3448 necarunt.
696 3398 742 3448 Cui
755 3399 872 3447 Euander
888 3404 913 3447 et
930 3398 1087 3464 sepulchrum
1104 3395 1163 3446 iecit
1180 3401 1206 3444 et
1223 3395 1304 3444 locum

117 3467 232 3518 sacravit
245 3466 422 3532 hospitalitatis
434 3467 537 3516 rausa.“
562 3466 629 3515 llaec
642 3463 768 3530 Servius!
803 3462 862 3515 346.
884 3464 953 3516 Text.
966 3465 1019 3528 dra,
1038 3480 1086 3527 quo
1099 3471 1224 3528 tamquam
1237 3469 1305 3513 teste

117 3537 210 3586 emman
228 3536 290 3585 laesi
307 3535 368 3585 iuris
387 3534 517 3600 hospitalis
535 3549 550 3582 a
569 3549 596 3583 se
614 3534 764 3601 removeat!
799 3530 850 3584 349
868 3549 905 3598 sq.
924 3534 999 3598 relig.
1018 3534 1079 3584 dira
1098 3532 1158 3593 loci,
1182 3531 1303 3582 sauctitas

117 3605 169 3654 loci
186 3606 314 3654 horrorem
332 3601 474 3670 incutiens}
510 3599 569 3652 352.
588 3605 689 3668 ipsum,
713 3600 830 3667 ἐναργῆ,
853 3598 1017 3667 leihhastr'g.l
1051 3597 1110 3650 353.
1129 3615 1216 3666 saepe,
1235 3613 1259 3646 v.
1278 3596 1305 3662 1,

118 3669 180 3725 148.
199 3699 232 3708 -
250 3675 332 3738 aiga,
350 3671 426 3734 nigris
444 3671 558 3730 nubibus,
577 3686 640 3734 quae
658 3677 726 3720 motu
745 3671 839 3733 aegidis
857 3669 1005 3733 efficiuntur,
1022 3668 1168 3729 involutam,
1188 3668 1257 3716 Hom.
1274 3666 1303 3718 ll.

116 3738 145 3804 4,
164 3737 227 3791 167:
252 3730 434 3790 ἔπισσεύει
458 3730 607 3805 ἐρεμνὴν
629 3737 750 3801 αἰγίδα
773 3735 885 3798 niusa!
919 3733 978 3806 354.
1003 3752 1058 3786 cum
1079 3735 1188 3802 luppiter
1216 3736 1304 3798 aegide

115 3810 198 3859 utitur
225 3810 256 3858 ad
280 3808 389 3858 homines
412 3806 552 3856 fulminibus
578 3806 687 3871 dirisque
710 3807 901 3872 tempestatibus
919 3805 1062 3867 terrendos,
1086 3805 1208 3854 dextra
1229 3819 1305 3854 manu

117 3892 173 3927 eam
192 3877 310 3934 concutit;
331 3883 364 3939 et,
382 3874 492 3942 Iuppiter
506 3873 646 3940 Imperator
664 3874 740 3938 (quod
756 3877 780 3924 in
798 3875 901 3924 numinis
913 3873 973 3940 Imp.
986 3873 1110 3924 Commodi
1127 3872 1215 3922 videre
1232 3872 1304 3935 lieet)

117 3951 244 4012 sceptrum
258 3945 349 3994 dextra
361 3945 434 4008 gerit,
453 3944 554 3994 sinistra
566 3949 634 3992 tenet
646 3941 761 4009 fulmen}
796 3939 855 3993 358.
861 3942 973 4008 srcerat,
991 3957 1016 3990 v.
1029 3938 1054 4003 7,
1066 3938 1126 3993 532.
1136 3969 1170 3978 -
1178 3939 1304 4002 Satara,

116 4016 142 4066 in
161 4021 244 4064 monte
264 4013 417 4078 Capitolino,
434 4013 475 4077 qui
492 4013 546 4078 ipse
565 4011 622 4060 olim
640 4010 772 4060 Saturnius
790 4012 895 4067 dictust
929 4007 988 4062 361.
1007 4011 1105 4073 lautis,
1123 4025 1187 4074 quae
1204 4007 1304 4071 Virgilii

117 4087 203 4132 aetate
224 4081 361 4145 magnificis
387 4081 499 4130 domibus
523 4085 596 4128 eraut
619 4080 745 4141 ornatae!
786 4076 846 4129 363.
865 4082 943 4144 repit,
967 4079 982 4128 i.
1006 4094 1028 4129 e.
1050 4085 1135 4129 tantus
1158 4093 1212 4128 euru
1236 4082 1304 4126 esset

116 4151 253 4213 Hercules,
275 4156 423 4200 tamennon
442 4155 482 4198 est
499 4149 647 4211 dedignatus
663 4148 688 4196 in
707 4149 770 4198 hanc
788 4147 917 4214 parvulum
936 4148 1081 4212 inopemque
1098 4147 1196 4196 domum
1214 4146 1303 4194 dever-

115 4225 186 4281 tere3
205 4218 275 4268 Curt.
294 4214 348 4280 7,ss
365 4216 451 4280 „orbis
469 4223 595 4266 terrarum
614 4222 639 4266 te
657 4232 704 4266 uon
723 4217 880 4284 caperet.“
898 4216 961 4266 adde
972 4215 998 4277 9,
1010 4211 1083 4280 6444
1119 4211 1178 4266 364.
1197 4225 1305 4276 ‚sapere
1406 4211 1410 4223 '

117 4287 224 4348 a'ude,“
246 4286 333 4338 Horat.
351 4285 396 4351 Ep.
417 4282 440 4348 1,
458 4281 484 4348 2,
500 4279 556 4349 461
591 4281 649 4335 365.
673 4299 751 4350 asper
773 4286 889 4335 adiuncto
909 4285 999 4334 liutivo
1023 4285 1045 4334 is
1063 4283 1166 4344 dicitur,
1189 4281 1303 4345 quicum

116 4355 256 4422 asperitate
274 4360 408 4405 aversatur
426 4353 562 4418 quidpiam,
584 4351 628 4401 Sil.
647 4351 676 4402 lt.
697 4352 738 4416 12,
758 4349 810 4403 348
833 4367 927 4418 „asper
949 4353 1030 4418 paci,“
1052 4343 1305 4400 sarranates
