2942 4975
457 264 711 333 06011010οΝ
737 268 818 335 LIB.
839 270 880 341 11

174 452 285 518 Omnia
306 452 370 517 sint
391 452 521 535 paribus
543 454 684 521 numeris
707 455 851 523 dimensa
870 457 1007 538 viarum3

101 536 242 603 2851166
263 538 404 605 animum
426 538 520 605 modo
543 538 591 605 uti
612 546 723 621 pascat
745 548 934 625 prospectus
955 545 1092 626 inanem,

172 622 232 689 Sed
253 624 328 705 quia
349 642 415 689 666
436 624 531 691 aliter
553 624 629 691 viris
650 625 740 691 dabit
762 627 908 695 omnibus
930 648 1048 713 aequas

173 708 281 787 Terra,
304 727 408 790 neque
429 708 463 773 in
485 728 621 776 vacuum
642 716 796 795 66166661
817 730 853 777 66
876 716 1050 781 extendere
1071 718 1160 786 remi

248 794 398 861 Forsitan
421 799 455 859 et
477 794 641 861 scrobibus
663 814 746 877 6666
767 798 832 865 6161
853 796 983 881 fastigia
1004 819 1146 883 quaeras.

170 878 278 945 Ausim
299 880 351 944 vel
373 879 463 945 tenui
484 880 582 945 vitem
605 882 805 948 committere
826 882 925 951 sulco.

97 962 152 1027 290
169 963 271 1030 Altior
293 984 331 1031 ac
354 964 481 1047 penitus
503 971 611 1031 terrac
633 962 785 1049 defigitur
804 968 907 1047 arbos

169 1050 324 1116 Aesculus
346 1050 378 1114 in
400 1050 524 1133 primis,
546 1070 641 1133 quae,
664 1057 819 1133 quantum
841 1054 964 1121 6661166
985 1056 1027 1121 61
1048 1076 1142 1125 66666

169 1134 350 1215 Aetherias,
372 1141 498 1201 tantum
520 1135 627 1201 radice
649 1136 682 1201 in
706 1138 842 1207 Tartara
863 1140 976 1206 tendit

171 1220 254 1302 Ergo
278 1240 343 1286 666
366 1220 488 1287 hiemes
509 1221 612 1299 illam,
634 1241 698 1289 non
721 1222 821 1290 flabra
843 1242 948 1306 66666
969 1226 1088 1293 imbres

170 1304 373 1385 Convellunt3
396 1306 520 1373 inmota
540 1313 662 1386 manet,
684 1308 866 1390 multosque
888 1316 1032 1393 nepotes,

97 1388 269 1459 2916116116
291 1391 394 1459 virum
415 1391 546 1457 volvens
570 1392 713 1459 durando
736 1394 866 1460 saecula
886 1395 994 1463 vincit.

169 1476 246 1541 Tum
268 1476 362 1541 fortis
385 1477 450 1543 late
473 1496 579 1545 ramos
602 1482 635 1543 et
657 1478 807 1545 bracchia
828 1480 965 1545 tendens

168 1562 237 1627 Huc
258 1562 350 1642 illue,
371 1562 476 1629 media
496 1562 567 1645 ipsa
588 1562 754 1647 ingentem
775 1564 914 1631 sustinet
936 1566 1088 1634 umbram.

246 1647 339 1713 Neve
362 1647 421 1713 tibi
443 1648 484 1715 ad
506 1648 606 1715 solem
628 1655 764 1731 vergant
785 1650 894 1717 616611
915 1652 1097 1732 cadentem;

32 1782 33 1787 1
167 1732 253 1798 Neve
276 1732 459 1799 1616661116
483 1734 624 1815 corylum
646 1752 732 1814 sere;
755 1754 837 1801 6666
859 1734 987 1819 flagella

95 1814 149 1879 300
168 1818 298 1883 Summa
319 1823 408 1901 pete,
431 1823 487 1883 aut
508 1837 630 1886 summa
653 1818 798 1903 defringe
821 1840 860 1888 es
881 1821 995 1887 arbore
1017 1821 1159 1905 plantas:

167 1904 289 1969 Tantus
312 1922 401 1969 amor
424 1909 544 1983 terram
566 1923 630 1969 neu
652 1902 738 1970 ierro
761 1906 854 1971 laede
875 1912 1008 1974 retunso

168 1988 309 2068 Samium
332 2007 414 2055 6666
436 1989 510 2055 6166
531 1989 687 2055 6116661616
710 1990 817 2058 166666
840 1996 985 2057 truncos:

165 2072 245 2139 Nam
268 2092 366 2157 saepe
389 2074 526 2141 incautis
547 2074 728 2157 pastoribus
753 2077 870 2143 excidit
891 2078 983 2159 ignis,

168 2160 238 2239 Qui,
262 2159 376 2229 furtim
397 2160 509 2241 pingui
531 2160 669 2241 primum
691 2161 749 2227 sub
773 2162 893 2228 cortice
916 2168 1030 2241 tectus,

93 2242 147 2307 305
166 2245 294 2310 Robora
316 2245 520 2327 conprendit,
542 2244 736 2328 1666166666
760 2247 888 2329 elapsus
909 2248 942 2313 in
964 2249 1047 2313 altas

166 2330 336 2413 Ingentem
358 2330 446 2396 caelo
469 2330 609 2397 sonitum
632 2331 734 2411 dedit;
757 2332 832 2399 inde
852 2338 984 2398 secutus

166 2416 227 2481 Per
249 2434 357 2481 ramos
380 2415 483 2481 victor
504 2434 627 2500 perque
648 2416 715 2484 alto
737 2417 902 2483 cacumina
921 2423 1046 2501 regnat,

165 2503 207 2568 Et
228 2507 336 2567 totum
357 2501 492 2568 involvit
513 2499 647 2570 flammis
669 2521 795 2584 nemus,
819 2508 852 2568 et
872 2504 939 2571 ruit
960 2510 1064 2573 atram

165 2590 214 2654 Ad
237 2584 364 2653 caelum
385 2587 477 2670 picea
499 2606 624 2654 crassus
648 2589 784 2670 caligine
806 2588 932 2669 nubem,

91 2671 146 2738 310
164 2673 362 2739 Praesertim
385 2673 412 2737 si
434 2677 609 2756 tempestas
633 2674 793 2759 avertice
816 2674 903 2741 silvis

92 2876 161 2926 pugna
178 2863 274 2912 initium
293 2860 484 2943 166116666111
517 2859 577 2915 284.
596 2865 721 2926 numeros,
745 2878 780 2912 66.
798 2878 927 2914 66666666
944 2878 965 2913 6.
983 2864 1087 2929 pedum,
1112 2863 1128 2914 1.
1146 2877 1169 2912 a
1186 2863 1264 2912 16166-

92 2931 177 3001 vallis}
211 2925 273 2984 285.
293 2930 635 2993 66166661666166616166,
661 2932 702 2996 661
725 2931 939 2997 16661661661616
956 2926 1077 2998 66611661
1111 2928 1171 2984 288.
1189 2945 1263 2996 qnam

90 3000 130 3048 alti
146 3015 164 3049 6.
183 2999 300 3066 66616611
318 2998 419 3048 scrobes
437 3013 492 3048 6666
510 2999 638 3068 debeant}
674 2996 733 3050 290.
753 2998 843 3049 Altior·
859 3016 891 3049 66
906 3002 1025 3066 6661166,
1051 3001 1086 3050 616
1104 3000 1263 3065 666661666-

92 3068 176 3132 666116,
199 3083 307 3134 quorum
325 3067 447 3132 posterius
465 3067 570 3116 inservit
586 3067 734 3118 illustrando
753 3067 844 3132 priori,
869 3083 914 3134 666
937 3085 965 3118 66
983 3068 1039 3118 6166
1063 3069 1209 3132 iunguntur,
1235 3074 1264 3118 ut

91 3151 123 3186 66.
139 3132 194 3188 428.
212 3133 240 3196 3,
259 3131 319 3186 238.
337 3134 367 3184 Α.
386 3131 411 3196 3,
428 3132 486 3186 329.
505 3131 530 3199 4,
551 3132 608 3185 102.
626 3133 651 3195 5,
668 3133 728 3186 327.
746 3132 805 3186 447.
823 3131 883 3188 498.
901 3132 927 3200 6,
997 3133 1047 3199 ,8,
1064 3133 1124 3187 610.
1143 3133 1185 3199 10,
1204 3132 1263 3188 lat

92 3201 125 3266 11,
140 3201 196 3260 569.
215 3199 278 3254 673.
304 3200 345 3266 12,
363 3199 423 3254 502.
445 3203 475 3254 11.
493 3199 518 3266 8,
537 3201 588 3254 102
611 3205 682 3266 „rivo
705 3204 789 3256 1166611
807 3202 937 3270 Troesque
959 3211 1034 3271 caput
1054 3205 1136 3268 iace,“
1158 3205 1176 3257 1.
1194 3221 1216 3256 6.
1239 3211 1264 3256 61

90 3274 176 3338 quidem
193 3280 267 3326 16666
286 3272 386 3340 66661.“
404 3298 436 3308 -
456 3276 552 3332 terrae,
570 3275 841 3338 61666166166166666
853 3276 884 3322 Α.
897 3271 938 3335 11,
950 3269 993 3324 et.
1010 3269 1116 3337 12,130
1133 3271 1264 3337 ,06166661

92 3341 194 3394 telluri
211 3333 342 3408 1666166.“Ι
377 3335 436 3391 293.
455 3341 558 3403 inurar,
579 3347 702 3392 torrentes
721 3357 754 3391 ex
772 3341 891 3392 imbribus
908 3340 1028 3406 collecti!
1061 3338 1120 3392 295.
1139 3344 1186 3391 616.
1204 3357 1264 3412 666·

91 3409 148 3474 6616,
164 3411 179 3460 i
196 3426 219 3460 6.
240 3409 362 3460 hominum
380 3414 484 3472 aetates,
503 3424 528 3460 v.
546 3409 576 3460 Α.
594 3405 620 3470 8,
637 3405 696 3460 1608.
715 3437 749 3446 -
766 3409 866 3460 6616666
884 3425 919 3460 66.
937 3425 975 3472 ea,
992 3410 1138 3471 6666616,
1155 3408 1263 3465 alierum

89 3479 214 3530 exaltare
240 3473 402 3545 transigens!
436 3473 495 3530 296.
522 3473 599 3541 Tum,
623 3493 678 3528 cum
701 3478 813 3530 durando
837 3475 987 3547 6666666111
1021 3474 1080 3528 297.
1103 3479 1175 3543 1666,
1199 3477 1216 3527 1.
1241 3493 1262 3528 e.

90 3553 193 3610 16666666
220 3561 269 3614 per
285 3547 332 3597 hoc
348 3560 479 3611 pronomen
497 3559 572 3612 saepe
589 3545 668 3598 161666
686 3546 781 3612 aliquid
799 3561 815 3597 6
832 3547 958 3612 partibus,
976 3546 1050 3596 611666
1069 3545 1229 3667 6611661166
1244 3560 1263 3596 6

91 3617 181 3680 reliquis
203 3613 378 3678 distinguitur,
403 3611 434 3662 cf.
458 3611 482 3676 4,
501 3610 561 3668 274.
584 3615 615 3664 Α.
634 3612 657 3676 7,
675 3611 734 3666 816.
760 3613 802 3676 10,
819 3611 879 3664 226.
903 3615 966 3665 6116
984 3612 1014 3664 G.
1032 3611 1057 3678 3,
1076 3610 1136 3666 387.
1179 3609 1263 3676 ,511

90 3685 115 3732 i.
132 3681 169 3748 12,
187 3681 249 3738 303.
272 3711 306 3719 -
328 3685 384 3748 ingo
403 3683 535 3744 umbram,
559 3679 658 3734 1666166
682 3684 795 3734 umbram
819 3683 870 3732 late
893 3681 1024 3748 facientes,
1049 3680 1080 3732 61.
1107 3679 1130 3745 l,
1156 3679 1214 3734 191.
1238 3679 1264 3744 2,

75 3765 76 3768 ’
92 3749 140 3823 191
163 3749 222 3804 299.
242 3749 367 3818 carpium,
386 3750 444 3815 6616
456 3750 497 3800 661
508 3751 584 3803 densa
596 3750 710 3802 loliorum
723 3754 903 3814 6666666661,
921 3752 961 3802 661
974 3751 1090 3801 alimenta
1102 3750 1148 3801 viti
1160 3747 1264 3819 6616611

88 3817 136 3874 300
151 3837 186 3888 66.
213 3819 334 3870 Surculos
351 3834 397 3868 non
416 3833 447 3867 ex
466 3819 602 3882 cacumine,
622 3821 687 3886 6661
705 3820 795 3871 siccius
812 3827 862 3883 est,
881 3820 968 3871 vitium
985 3821 1026 3870 vel
1043 3820 1162 3872 arborum
1179 3828 1264 3886 66166·

92 3890 131 3940 166
151 3905 206 3940 6666
231 3887 393 3956 praecipitur,
419 3888 462 3936 sed
486 3902 518 3938 ea
542 3903 573 3938 66
598 3895 680 3954 parte,
706 3903 770 3954 6666
794 3895 878 3940 terrae
902 3890 934 3938 611
951 3889 1064 3955 propior,
1089 3888 1158 3950 6166,
1182 3889 1265 3940 61611

92 3955 182 4022 Plinius,
200 3972 233 4008 ex
251 3956 358 4008 16666616
376 3955 550 4009 66161666-
568 3955 616 4007 Alii
633 3956 826 4022 166161666,61.
845 3972 884 4006 66.
902 3951 991 4024 pron!
1024 3953 1084 4010 302.
1102 3963 1172 4009 vetat
1190 3963 1264 4023 66616

91 4025 162 4078 616666
179 4028 203 4077 16
222 4033 323 4076 1666666
340 4025 477 4087 silvestres,
502 4024 518 4074 i.
536 4039 557 4074 e.
580 4025 712 4088 oleastros,
736 4026 819 4089 inseri,
844 4025 933 4092 661666
948 4026 1065 4077 incendiis
1083 4026 1212 4076 obnoxios.
1229 4052 1264 4063 -

92 4093 234 4158 111161666,
257 4087 420 4164 6166691
453 4089 513 4144 303.
530 4094 722 4158 6661661666
747 4110 792 4159 666
814 4094 867 4144 lata
890 4093 934 4144 1116
955 4095 1114 4145 arbustorum
1131 4092 1264 4146 turmali·

92 4159 132 4225 (61.
149 4179 186 4214 66.
203 4158 254 4214 306
271 4160 323 4228 66.)
342 4177 430 4225 greges
448 4162 605 4226 pascentibus
623 4162 751 4228 16666666
768 4160 896 4226 frigidiore
914 4163 982 4214 caelo
1001 4158 1171 4229 iacientibus}
1202 4155 1262 4211 306.

93 4230 165 4294 wic,
183 4232 216 4282 ad
234 4229 351 4299 66616661
387 4227 446 4284 309.
466 4245 575 4280 craesus
594 4229 645 4280 6611
664 4233 713 4292 ine,
737 4230 1064 4294 66666666666616666616
1088 4229 1262 4292 616161610666

91 4303 186 4350 61666
210 4302 323 4364 ignes,
353 4300 383 4350 A.
406 4297 437 4360 4,
461 4293 521 4350 384.
552 4294 583 4362 8,
607 4246 682 4364 1981
715 4297 775 4352 310.
800 4302 943 4363 avertice,
972 4297 1103 4362 1666616,
1131 4287 1262 4364 dedier-1
1372 4297 1375 4314 '
