2942 4975
210 306 256 391 so
488 364 493 377 ,
589 306 623 371 Ρ.
644 304 810 371 uratum
831 304 1021 370 amnonis

297 493 386 561 Haec
410 492 468 559 tibi
491 511 618 574 semper
642 497 751 572 erunt,
775 497 808 556 et
831 510 903 557 cnm
925 492 1095 557 sollemnia
1115 498 1191 558 vota

235 579 277 645 75
298 580 482 644 Reddemus
503 578 671 660 Nymphis,
694 582 728 643 et
750 596 822 642 cum
844 577 1053 643 lustrabimus
1075 596 1177 659 agros.

297 666 382 729 Dum
404 664 479 747 iuga
501 664 619 729 montis
642 682 731 745 aper,
755 661 867 727 duvios
890 662 966 728 dnm
987 662 1084 745 piscis
1106 662 1235 742 amabit,

297 750 446 829 Dumque
468 749 578 831 thymo
600 753 774 831 pascentur
797 766 888 829 apes,
911 747 986 812 dum
1008 766 1082 813 rore
1106 748 1244 826 cicadae,

230 876 232 894 .
298 834 432 917 Semper
455 835 557 899 honos
578 852 760 914 nomenque
782 837 873 898 tuum
895 833 1070 915 laudesque
1092 834 1279 900 manebunt

297 920 344 987 Ut
364 918 492 986 Baccho
516 918 702 1002 Cererique,
726 918 784 983 tibi
806 918 852 983 sic
872 923 949 983 vota
970 922 1050 999 quot
1072 918 1164 983 annis

235 1006 277 1071 80
299 1004 469 1088 Agricolae
492 1003 625 1084 iacient;
648 1003 814 1069 damnabis
836 1008 873 1068 tu
894 1022 1022 1085 quoque
1044 1004 1136 1068 votis.

383 1115 434 1156 uo.
479 1090 567 1166 Quae
590 1088 661 1168 tibi,
683 1106 766 1170 quae
789 1088 847 1154 tali
868 1089 1002 1153 reddam
1024 1108 1082 1170 pro
1106 1089 1247 1155 carmine
1271 1090 1374 1156 dona?

297 1176 380 1242 Nam
403 1193 508 1256 neque
531 1193 582 1239 me
605 1178 730 1239 tantum
752 1174 912 1239 venientis
934 1174 1045 1239 sibilus
1068 1174 1178 1253 austri,

297 1261 366 1327 Nec
388 1278 542 1344 percussa
562 1260 674 1325 iuvant
695 1258 796 1324 fluctu
817 1264 885 1325 tam
906 1259 1016 1338 litora,
1038 1278 1099 1325 nec
1120 1278 1202 1341 quae

299 1345 436 1412 Saxosas
458 1345 546 1411 iuter
567 1345 744 1410 decurrunt
766 1343 898 1411 flumina
919 1344 1028 1410 valles.

235 1430 277 1495 85
299 1457 349 1497 aa.
393 1432 463 1497 Hac
485 1435 519 1497 te
541 1449 600 1497 nos
622 1429 729 1512 fragili
752 1429 940 1495 donabimus
962 1434 1039 1495 aute
1061 1429 1175 1495 cicuta

299 1517 389 1583 Haec
411 1535 483 1597 nos,
506 1517 695 1581 Formosum
719 1515 867 1597 Corydon
890 1515 1025 1580 ardebat
1045 1514 1180 1594 Alexim,

299 1602 388 1668 Haec
413 1603 525 1669 eadem
548 1601 669 1680 docuit,
693 1599 806 1666 Guium
829 1600 949 1682 pecus?
987 1620 1027 1665 an
1049 1599 1221 1665 Meliboei?

298 1712 349 1753 no.
393 1689 438 1753 At
459 1691 496 1751 tu
518 1705 608 1753 sume
630 1687 760 1769 pedum,
783 1686 882 1767 quod,
904 1704 956 1751 me
979 1704 1051 1751 cum
1072 1704 1170 1768 saepe
1191 1691 1340 1767 rogaret,¹

299 1772 372 1837 Non
395 1772 471 1838 tulit
493 1772 671 1853 Antigenes
693 1810 737 1817 -
760 1777 794 1837 et
816 1777 887 1837 erat
907 1776 977 1837 tum
998 1770 1115 1852 dignus
1136 1770 1237 1837 amari
1258 1808 1304 1818 -

235 1856 278 1922 90
299 1858 489 1924 Formosum
510 1858 640 1940 paribus
662 1856 756 1923 nodis
779 1862 877 1939 atque
898 1875 987 1936 aere,
1009 1856 1164 1921 Menalca

607 2116 640 2189 Ε
661 2114 690 2191 O
707 2116 740 2188 L
759 2115 790 2191 O
811 2117 847 2189 G
863 2117 898 2186 A
941 2114 1005 2191 VI.

716 2264 902 2320 varrus.

299 2403 407 2469 Prima
429 2404 596 2487 Syracosio
620 2402 752 2485 dignata
776 2406 825 2467 est
846 2400 960 2466 ludere
980 2419 1077 2466 versu

118 2593 123 2600 ·
212 2557 301 2607 Bacchi
319 2559 427 2620 comites,
446 2573 548 2621 quornm
567 2559 692 2608 commode
710 2557 738 2606 lit
754 2557 843 2607 mentio
862 2558 885 2606 in
904 2558 982 2607 sacris
1002 2558 1033 2606 ad
1052 2556 1111 2606 deos
1129 2561 1251 2619 agrestes,
1268 2557 1295 2605 in
1313 2557 1396 2622 primis
1441 2608 1442 2615 ,

211 2625 342 2687 bacchum,
355 2623 557 2691 pertinentibus!
585 2621 626 2675 74.
645 2626 689 2676 Hic
702 2626 778 2676 bonos
792 2641 887 2691 semper
898 2626 942 2676 tibi
954 2624 1094 2687 habebitur,
1107 2631 1132 2674 ct
1144 2629 1190 2674 cet.
1200 2651 1234 2659 —
1252 2623 1394 2686 aalma,

212 2707 275 2758 quac
294 2696 423 2758 quotannis
442 2693 577 2758 nuncupari
596 2694 687 2754 solent,
706 2692 738 2742 ci.
755 2709 794 2742 vs.
810 2691 904 2762 ⁷9⁸4!
931 2691 970 2744 75.
990 2693 1120 2761 Nymphas
1132 2707 1227 2810 qnoq'ne
1238 2692 1395 2743 Liberalibus
1441 2706 1442 2713 ¹

211 2768 343 2811 veneratos
362 2777 416 2812 esse
434 2767 547 2828 pastores
566 2761 620 2810 hinc
642 2761 754 2811 discitur.
789 2761 951 2814 Theocriteus
969 2778 1064 2829 quoqne
1081 2768 1169 2829 pastor
1203 2758 1262 2832 ,353
1280 2777 1318 2825 sq.
1341 2775 1394 2810 cra-

211 2835 291 2879 teram
310 2829 382 2880 lactis
396 2837 421 2880 ct
432 2831 536 2881 alteram
549 2829 597 2880 olei
610 2831 678 2895 ponit
688 2827 819 2896 Nymphis.
832 2857 866 2866 -
883 2831 1030 2893 reddemus,
1048 2831 1180 2880 solvemus.
1192 2857 1227 2866 —
1244 2845 1306 2880 oum
1318 2829 1394 2880 lustr.

213 2913 309 2962 agros:
327 2898 495 2960 significantur
513 2898 687 2960 Ambarvalia,
707 2899 825 2949 lustrare
842 2899 941 2965 proprie
958 2906 997 2949 est
1014 2901 1126 2964 ambire,
1144 2901 1304 2963 circumda·
1323 2900 1394 2948 duce

212 2966 288 3016 hatur
306 2967 366 3016 enim
386 2968 467 3016 hostia
485 2967 575 3017 circum
594 2982 681 3031 agros3
700 2967 784 3032 itaque
802 2967 917 3018 lustratio
935 2983 1053 3032 agrorum
1071 2969 1094 3018 in
1112 2984 1141 3017 eo
1153 2966 1313 3028 versabatur,
1332 2967 1394 3032 quod

213 3035 288 3084 ducta
307 3035 398 3084 circum
418 3051 492 3099 agros
512 3035 593 3084 hostia
610 3051 708 3086 sacrum
728 3035 851 3085 iaciebant
868 3037 915 3087 diis
933 3037 1059 3086 ruralibus
1072 3052 1162 3101 eosque
1174 3035 1351 3101 precabantur,
1369 3042 1396 3084 ut

212 3104 293 3152 omnia
311 3103 377 3153 mala
396 3119 411 3153 a
429 3101 555 3168 frugibus,
579 3119 666 3171 pecore
689 3111 715 3154 et
738 3105 872 3166 agrestium
894 3106 969 3154 turba
987 3111 1111 3163 arcerent;
1137 3119 1188 3153 rem
1207 3109 1286 3153 totam
1306 3105 1395 3170 optime

212 3185 344 3234 cognosces
363 3188 394 3222 ex
413 3171 504 3222 Tibull.
523 3170 547 3236 2,
567 3170 590 3223 1.
616 3169 645 3222 G.
665 3175 688 3236 1,
706 3169 758 3224 343
776 3170 844 3239 sqq!
877 3169 918 3222 77.
937 3174 1048 3237 cicadas,
1072 3189 1171 3224 succum
1195 3187 1226 3221 cx
1250 3171 1354 3222 donibus
1372 3180 1397 3221 et

212 3237 277 3290 loliis
296 3247 419 3304 sugentes,
438 3256 495 3290 rore
512 3241 604 3291 vivere
615 3248 712 3291 veteres
732 3235 890 3306 credebant!
914 3237 956 3290 80.
974 3242 1112 3293 dominabis
1130 3244 1204 3304 notis,
1222 3256 1242 3289 s.
1257 3243 1321 3302 noti,
1340 3242 1356 3290 i.
1374 3256 1395 3289 e.

228 3309 301 3360 uibus
320 3309 450 3372 contigerit
466 3309 499 3369 id,
519 3311 583 3374 quod
601 3325 645 3376 per
663 3315 688 3360 tc
706 3309 753 3360 sibi
770 3309 910 3372 contingere
922 3311 1060 3376 cupierunt,
1078 3326 1120 3360 css
1132 3309 1254 3372 obligabis
1265 3316 1310 3359 tuo
1325 3310 1395 3359 bene·

211 3323 274 3440 doio,
292 3385 321 3428 nt
338 3379 437 3428 solvant
454 3376 507 3442 tibi,
526 3379 590 3442 quod
607 3374 745 3445 voverint}
774 3374 816 3426 85.
835 3381 929 3442 cicuta,
948 3375 1084 3444 ο1.2,36.Ι
1114 3377 1157 3431 86.
1175 3378 1397 3440 Hace-docuit,

212 3447 244 3495 ad
264 3448 325 3496 hanc
342 3446 483 3496 modulatus
502 3461 554 3496 sum
573 3446 601 3496 li.
619 3445 650 3496 il.
669 3454 694 3497 et
711 3444 769 3505 ill.;
788 3444 818 3494 ci.
839 3443 879 3507 10,
897 3442 938 3496 34.
956 3443 998 3498 51.

280 3518 402 3582 Eulogo
419 3521 475 3566 vl.
511 3515 565 3565 Scri
582 3522 609 3565 ta
632 3521 671 3564 est
694 3516 755 3564 baec
778 3514 872 3578 Ecloga
890 3529 912 3563 a.
932 3509 990 3565 714.
1014 3532 1036 3580 p.
1060 3531 1084 3564 n.
1109 3530 1130 3564 c.
1156 3522 1182 3565 et
1204 3515 1282 3563 missa
1305 3513 1395 3564 Alieno

211 3579 293 3644 Varo,
318 3584 358 3647 qui
383 3599 437 3633 cum
461 3582 532 3636 Corn.
557 3533 629 3633 datto
654 3581 726 3649 poeta
752 3581 849 3634 Galliae
873 3581 1014 3648 Cisalpinae
1036 3583 1068 3632 ab
1092 3582 1229 3633 Octaviano
1252 3582 1395 3647 praelectus

209 3650 334 3712 negotium
358 3666 474 3715 agrorum
500 3651 685 3702 dividendorum
710 3651 744 3702 ibi
768 3651 879 3701 curabat.
919 3651 970 3703 Vin
995 3651 1054 3701 licet
1076 3652 1204 3713 dubitare,
1228 3651 1284 3716 quin
1309 3651 1395 3702 Varus

210 3716 341 3780 Virgilium
360 3721 392 3769 ad
410 3721 503 3786 epicum
522 3735 620 3771 carmen
639 3717 683 3781 (cf.
701 3735 741 3770 vs.
758 3717 789 3786 3)
808 3722 997 3786 componendum
1016 3721 1130 3770 hortatus
1149 3721 1189 3784 sit,
1207 3719 1230 3769 in
1248 3734 1297 3783 quo
1315 3720 1393 3786 ipsius

209 3784 272 3837 Vari
291 3802 331 3836 rcs
349 3787 413 3838 bello
432 3789 499 3840 civili
516 3797 601 3854 gestae
619 3789 698 3839 locum
717 3788 848 3838 habiturae
865 3797 955 3851 esseut,
979 3786 1008 3838 cs.
1029 3804 1067 3838 vs.
1086 3787 1103 3840 6
1120 3804 1157 3852 sq.
1193 3787 1241 3837 Sed
1259 3793 1343 3853 poeta,
1361 3789 1392 3837 ab

209 3853 322 3920 Apolline
340 3871 366 3904 se
384 3856 534 3908 admonitum
552 3858 657 3921 lingens,
679 3873 724 3924 pro
744 3858 812 3923 epioo
829 3858 937 3908 carmine
954 3856 1030 3907 mittit
1046 3856 1115 3908 Varo
1134 3856 1284 3919 bucolicum,
1301 3856 1326 3904 in
1345 3872 1393 3920 quo

209 3921 306 3973 Silenus
329 3924 433 3989 primum
456 3926 574 3990 originem
596 3927 679 3976 mundi
703 3926 782 3988 canit,
807 3933 859 3976 turn
881 3925 988 3989 insignes
1013 3926 1132 3990 quasdam
1156 3924 1391 3988 erOantiqnissimis

207 3989 299 4040 fabulis
318 3991 425 4056 attingit.
443 3992 465 4062 ΙΙ
484 3990 563 4059 lsqq.
586 3995 625 4043 Ad
644 3994 734 4044 humile
752 4000 777 4044 et
794 3999 867 4043 tenue
884 4009 912 4044 se
928 4009 1035 4055 carmen,
1053 3994 1198 4057 bucolicum,
1214 3999 1306 4045 natura
1325 3991 1393 4055 ferri,

209 4075 224 4109 a
242 4059 359 4122 graviore
377 4075 464 4124 genero
482 4063 616 4112 carminum
635 4063 771 4112 abhorrere
788 4063 908 4126 ingenium
927 4077 999 4114 suum
1011 4063 1132 4126 significat
1159 4068 1224 4111 oeta.
1237 4089 1270 4097 —
1288 4061 1392 4121 Pr·ima,

207 4126 362 4178 Adiectivnm
381 4145 426 4193 pro
444 4130 578 4191 Adverbio,
593 4131 719 4197 priorem,
737 4138 766 4181 ut
783 4128 813 4180 G.
830 4127 909 4192 1,12.
926 4136 956 4182 A.
969 4127 994 4192 6,
1006 4129 1064 4183 811.
1082 4128 1107 4193 8,
1119 4079 1158 4181 53
1171 4136 1196 4179 et
1213 4144 1237 4179 v.
1250 4132 1280 4180 A.
1293 4125 1319 4191 4,
1331 4125 1391 4179 494.

189 4194 316 4247 ·Primum
335 4203 407 4262 poeta
425 4197 457 4246 ad
475 4198 612 4248 bucolicum
630 4215 705 4262 genus
730 4215 758 4250 se
780 4199 944 4265 applicuerat,
971 4199 1039 4250 alind
1062 4200 1148 4250 deiude
1170 4213 1225 4248 cum
1247 4204 1391 4264 temptaret,

206 4279 245 4314 vs.
269 4261 298 4329 3,
323 4272 466 4316 revocatum
491 4281 518 4317 se
544 4267 575 4316 ab
598 4267 652 4333 ipso
670 4267 786 4343 Apolline
810 4267 879 4345 lingit
895 4281 934 4318 ys.
952 4267 970 4318 4
988 4283 1024 4332 sq.
1049 4294 1084 4304 -
1106 4267 1255 4334 Syracosio,
1280 4281 1303 4316 v.
1321 4261 1347 4328 4,
1365 4265 1389 4316 1.

206 4331 340 4402 Syracusis
364 4339 438 4386 natus
462 4342 518 4385 erat
540 4333 889 4587 'l'leocnlyppanoosr
914 4335 1037 4402 antiquior
1060 4336 1132 4387 huius
1150 4335 1253 4386 nominis
1271 4331 1389 4400 formas!
1441 4334 1443 4339 ’
