2942 4975
193 316 247 357 nv

191 481 321 542 sonanda
344 480 426 553 lorti,
449 480 491 540 ita
512 480 593 539 molli
620 480 658 539 ad
680 481 839 539 teneriores
860 476 979 539 affectus
1009 483 1039 539 et
1060 476 1146 538 facile
1174 480 1384 554 concipiendos

191 574 220 627 et
242 566 365 626 feliciter
387 566 587 639 exprimendos
600 563 638 639 *).
683 564 829 625 Sermonis
850 568 933 623 tanta
954 580 1022 623 usus
1043 571 1087 622 est
1109 565 1207 639 copia,
1229 566 1383 639 varietate,

101 685 104 694 ·
191 643 348 726 elegantia,
372 652 528 725 gravitate,
550 656 583 709 ut
604 651 697 709 nullus
716 656 804 724 poeta
826 650 973 726 &manus
993 650 1049 711 lac
1071 666 1107 707 ex
1127 655 1212 723 parte
1234 650 1384 725 adaequa·

190 739 266 797 uerit
292 738 459 810 Virgilium,
493 736 597 795 nedum
624 736 810 808 superaverit.
864 734 966 807 Itaque
993 750 1051 793 uon
1080 740 1124 793 est
1150 736 1267 807 mirum,
1302 738 1384 809 quod
1462 803 1463 824 χ

191 823 259 881 Itali
286 824 409 881 mammo
437 826 466 880 et
493 820 690 895 Franoogalli,
717 820 762 879 his
789 819 942 879 mutibus
964 820 1141 893 Virgilianae
1169 819 1304 879 dictionis
1337 823 1384 879 in·
1462 829 1464 895 ᾗ

191 909 293 983 primis
316 908 466 979 delectati,
488 906 563 965 hunc
584 910 700 980 poetam
723 905 854 966 omnibus
875 906 970 979 poetis
991 905 1198 994 praetulerunt.
1242 905 1384 966 Similiter

193 994 262 1053 olim
294 994 378 1067 vulgo
414 991 558 1051 Germani.
609 990 666 1051 Sed
698 1006 734 1049 ex
767 1006 823 1065 quo
857 991 949 1049 nostri
974 990 1105 1049 'homines
1136 990 1174 1049 ad
1203 989 1386 1053 Graecarum

193 1079 356 1137 litterarum
378 1077 473 1137 studia
494 1081 557 1135 toto
581 1077 677 1134 animo
698 1076 901 1150 incubuerunt,
923 1073 1050 1134 fastidiri
1072 1092 1090 1133 a
1111 1076 1209 1134 multis
1232 1092 1266 1134 ac
1287 1093 1383 1151 prope

193 1164 336 1223 contemni
359 1168 476 1235 coeptus
499 1166 543 1219 est
563 1162 701 1235 Virgilius
723 1167 870 1235 tamquam
890 1178 978 1234 purus
1000 1165 1099 1233 putus,
1121 1165 1153 1218 ut
1175 1161 1263 1234 aiunt,
1286 1178 1381 1235 neque

192 1251 217 1307 is
240 1250 377 1322 optimus,
405 1248 536 1307 imitator
558 1245 743 1307 Graecorum.
792 1247 827 1305 ln
852 1251 935 1307 ιιιιιιιι
961 1246 1049 1319 igitur
1076 1246 1243 1317 opinionum
1271 1246 1382 1318 discre-

192 1335 294 1409 pantia
321 1334 504 1405 dispiciamus
532 1332 655 1406 primum
683 1333 809 1405 aliquam
832 1333 975 1391 rationem
1002 1346 1118 1389 necesse
1146 1337 1201 1403 est,
1229 1330 1268 1389 ad
1294 1349 1383 1405 quam
1462 1371 1464 1392 ;

193 1425 322 1478 nostrum
345 1418 480 1477 iudicium
503 1418 667 1490 dirigemus.
712 1417 847 1477 Plurimis
869 1422 996 1475 veterum
1018 1416 1199 1490 scriptorum,
1225 1432 1382 1491 eorumque

190 1500 318 1563 'maxime
340 1504 520 1575 idoneorum,
548 1502 719 1561 testimoniis
742 1507 920 1576 compertum
941 1507 986 1560 est
1007 1500 1045 1559 ab
1066 1501 1136 1574 ipsis
1154 1501 1293 1561 Romanis
1314 1503 1383 1561 Vir·
1462 1507 1464 1536 ³

193 1590 293 1664 gilium
315 1590 474 1663 principem
496 1588 666 1647 Latinorum
687 1593 839 1659 poetarum
860 1587 991 1647 habitum
1011 1602 1082 1645 esse.
1117 1586 1226 1660 itaque,
1249 1588 1274 1645 si
1295 1590 1383 1661 aequi

193 1676 323 1735 volumus
338 1690 400 1734 esse
414 1674 529 1745 iudices,
552 1689 610 1731 non
631 1678 691 1731 tam
712 1674 785 1732 illud
806 1674 837 1731 in
856 1689 891 1732 ea
910 1688 998 1731 causa
1012 1687 1189 1745 quaeremus,
1212 1671 1381 1745 quidnobis

193 1761 320 1835 placeat,
355 1777 441 1833 quam
471 1759 539 1832 quid
568 1759 710 1830 placuerit
739 1759 887 1819 Romanis.
936 1758 1097 1815 Romanum
1124 1756 1225 1817 induat
1255 1758 1382 1818 animum

194 1862 363 1918 sensumque
391 1849 519 1918 oportet,
547 1844 594 1918 qui
617 1844 770 1917 Virgilium
796 1848 875 1903 recte
900 1843 997 1917 legere
1023 1843 1154 1915 iustaque
1180 1844 1381 1903 aestimatione

196 1930 309 2004 dignari
331 1930 498 1989 decreverit.

281 2016 349 2073 Vita
378 2016 573 2075 Romanorum
602 2014 746 2087 principio
775 2012 837 2073 iere
866 2013 897 2071 in
925 2012 1049 2086 negotiis
1077 2012 1115 2071 ad
1143 2028 1205 2070 rem
1234 2014 1380 2095 rusticam,

196 2098 353 2183 forensem,
384 2100 569 2173 senatoriam,
601 2098 734 2159 bellicam
766 2097 960 2172 spectantibus
990 2096 1203 2167 continebatnr3
1234 2102 1315 2157 artes
1342 2098 1381 2157 ad

197 2186 357 2245 doctrinam
384 2186 605 2260 politioremque
634 2184 841 2243 numamutm
869 2184 1045 2257 pertinentes
1074 2182 1307 2255 negligebantur,
1343 2184 1381 2242 ad

197 2288 266 2345 quas
288 2276 348 2333 tum
370 2271 484 2331 demum
505 2271 596 2331 otium
616 2275 770 2343 suppetere
789 2270 891 2344 coepit,
914 2285 979 2326 cum
999 2267 1087 2327 Italia
1108 2268 1184 2326 victa
1206 2267 1380 2342 subactaque

195 2357 292 2415 hostes
322 2356 359 2418 de
388 2357 509 2429 imperio
540 2372 603 2415 cum
630 2355 769 2415 Romanis
797 2358 939 2413 comantes
970 2351 1056 2411 fracti
1083 2354 1279 2427 prostratique
1307 2359 1380 2411 sunt.

197 2443 374 2516 Quamquam
397 2448 493 2502 autem
514 2457 573 2502 uon
595 2442 695 2502 deerat
717 2442 862 2516 ingenium
876 2440 1013 2498 Romanis
1034 2438 1074 2497 ad
1094 2438 1148 2497 luas
1169 2436 1381 2512 quoque'com·
1462 2471 1463 2482 ι

195 2528 375 2602 plectendas,
404 2533 500 2588 tamen
522 2529 563 2587 ita
585 2544 683 2586 eomm
705 2529 816 2586 animos
838 2542 953 2584 suarum
974 2541 1084 2597 rernm,
1113 2524 1237 2584 maxime
1258 2525 1381 2598 imperii,

197 2630 266 2670 cura
288 2612 412 2684 tenebat,
435 2617 467 2671 ut
487 2612 559 2670 nihil
581 2629 617 2670 ee
638 2612 744 2684 potius·
756 2611 905 2670 haberent.
946 2609 1048 2684 ltaque
1070 2625 1134 2669 cnm
1156 2615 1233 2668 artes
1254 2609 1381 2670 litteras·

197 2714 251 2770 que
268 2697 444 2756 Graecorum
460 2703 672 2770 cognoscerent,
695 2697 748 2756 has
766 2695 822 2754 sibi
836 2697 866 2754 in
882 2697 947 2756 loco
967 2696 1044 2769 grati
1066 2695 1179 2768 quidem
1201 2711 1237 2753 ac
1257 2695 1381 2769 iucundi,
1462 2760 1464 2783 Ι

197 2783 248 2842 sed
276 2799 334 2841 non
360 2783 526 2854 necessarii,
557 2783 718 2841 ornamenti
745 2782 893 2856 ponendas
922 2785 1103 2852 censuerunt,
1135 2795 1263 2854 quaeque
1288 2781 1320 2838 in
1347 2797 1382 2840 eo

196 2884 301 2941 genere
317 2883 334 2926 a
350 2866 468 2926 Graecis
484 2869 542 2926 iam
557 2872 662 2941 parata
684 2873 786 2941 essent,
809 2883 852 2940 ea,
876 2865 1113 2939 quemadmodum
1135 2866 1276 2938 reliquam
1296 2883 1383 2940 prae-

198 2953 272 3026 dam,
295 2953 325 3010 in
347 2969 428 3012 enum
449 2969 530 3012 usum
550 2951 751 3012 menslerenda
771 2952 977 3012 emetimarunt.
1012 2949 1174 3024 Coepemnt
1188 2950 1276 3024 igitur
1291 2949 1383 3010 Grae-

198 3053 296 3096 corum
319 3036 409 3097 libros
432 3038 520 3097 latine
542 3042 726 3097 verterenet
747 3037 887 3096 imitando
909 3036 1079 3108 exprimere.
1112 3035 1139 3094 A
1161 3035 1281 3094 rudibus
1303 3037 1383 3109 prin-

197 3124 280 3196 cipiis
301 3120 426 3197 profecti
447 3124 586 3196 paulatim
608 3120 717 3198 fingere
739 3129 769 3182 et
791 3123 920 3196 expolire
942 3122 1103 3180 orationem
1124 3137 1293 3193 omnemque
1323 3137 1382 3180 ser·

198 3225 311 3268 monem
326 3208 517 3268 instituerunt.
554 3208 629 3266 Nam
651 3209 741 3282 ipsius
762 3208 902 3268 orationis
924 3223 989 3265 cum
1009 3207 1114 3265 multus
1135 3206 1214 3278 apud
1235 3221 1285 3264 eos
1308 3211 1384 3266 esset
1462 3272 1463 3275 Ἴ

198 3311 264 3352 usus
286 3294 315 3350 in
337 3293 486 3366 republica
507 3309 667 3368 magnaque
688 3295 718 3352 in
741 3295 818 3352 omni
839 3293 957 3367 negotio
971 3292 1023 3364 vis,
1045 3291 1083 3350 ud
1096 3291 1172 3350 banc
1187 3291 1383 3363 excolendam,

199 3379 358 3438 ornandam
379 3379 513 3452 varieque
534 3378 766 3453 locupletandam
781 3395 864 3438 omne
880 3377 1003 3436 studium
1018 3374 1221 3435 conferendum
1237 3381 1383 3449 putarunt.

198 3465 294 3537 Atque
316 3464 358 3522 ita
379 3463 435 3522 hoc
457 3465 601 3524 consecuti
623 3469 695 3538 sunt,
717 3469 758 3536 ut,
782 3480 855 3538 quae
877 3480 895 3522 a
917 3461 1035 3521 Graecis
1057 3462 1250 3534 sumpsissent,
1273 3478 1306 3519 re
1321 3464 1385 3534 qni-

199 3549 264 3606 dem
287 3554 380 3608 essent
401 3550 562 3624 peregrine,
585 3549 680 3608 verbis
702 3554 798 3608 antem
820 3554 850 3608 et
872 3547 1020 3607 sententiis
1040 3551 1104 3606 tota
1124 3547 1216 3605 latina
1238 3551 1267 3605 et
1284 3545 1385 3606 dome·

198 3634 271 3692 stica
299 3650 360 3692 esse
381 3634 557 3705 viderentur;
585 3634 671 3708 idque
700 3635 749 3694 diu
776 3633 992 3693 arbitrabantur
1018 3633 1087 3692 satis
1114 3648 1175 3691 esse
1202 3631 1240 3690 ad
1268 3631 1385 3691 landem

199 3718 268 3777 boni
283 3719 445 3792 scriptoris;
469 3737 639 3792 quamquam
661 3718 725 3778 fieri
746 3735 805 3778 non
825 3720 927 3793 potuit,
951 3718 1018 3792 quin
1040 3718 1202 3790 existerent,
1225 3717 1274 3789 qui
1295 3719 1385 3776 etiam

199 3821 245 3862 res
268 3805 450 3862 dominatus
477 3811 718 3879 persequerentur
739 3809 768 3862 et
789 3805 826 3864 ad
849 3803 1063 3862 similitudinem
1084 3801 1260 3861 Graecorum
1287 3803 1386 3877 exige·

199 3894 272 3950 rent.
316 3889 361 3948 Ao
382 3890 418 3947 de
439 3889 560 3948 Homeri
582 3890 784 3964 Tbeooritique
805 3890 973 3962 imitatione,
995 3888 1074 3961 quali
1094 3905 1161 3946 usus
1183 3889 1221 3945 sit
1235 3887 1385 3960 Virgilius,

198 3974 276 4033 infra
297 3975 465 4048 singillatim
492 3975 610 4034 dicetur.
656 3975 712 4034 Sed
733 3992 769 4033 ne
791 3975 821 4033 in
842 3981 988 4048 posterum
1009 3973 1091 4033 iustis
1113 3972 1228 4045 Virgilii
1249 3972 1386 4031 laudibus

200 4059 309 4118 officiat
332 4061 509 4132 comparatio
533 4077 596 4119 cum
612 4060 766 4120 Theocrito
788 4065 876 4134 atque
890 4060 1025 4131 Homero,
1048 4059 1176 4116 imitatus
1198 4057 1312 4130 quidem
1334 4059 1386 4144 ille

268 4261 295 4321 *l
314 4259 350 4312 Co
367 4261 444 4312 ionius
462 4261 493 4310 de
509 4262 605 4324 ingenio
623 4262 734 4313 moribus
752 4277 783 4311 ue
794 4259 895 4324 Virgilii
911 4275 989 4326 nuper
1007 4273 1040 4312 ex
1058 4260 1124 4310 osuit
1140 4258 1385 4320 Sainte-Beuvc,

201 4329 329 4381 Monitaur
350 4277 480 4382 &atterrat
496 4325 565 4380 1855
582 4347 620 4381 no.
639 4327 698 4383 351.
715 4327 732 4381 3
770 4367 776 4380 .
795 4337 821 4380 ct
838 4326 905 4382 1856
923 4343 961 4378 no.
981 4323 1022 4377 14.
1040 4273 1082 4378 {a
1100 4324 1142 4378 42.
1161 4322 1202 4380 49.
1222 4323 1263 4376 63.
1283 4323 1324 4377 77.
