<?xml version="1.0" encoding="UTF-8"?>
<!DOCTYPE html PUBLIC "-//W3C//DTD XHTML 1.0 Transitional//EN"
    "http://www.w3.org/TR/xhtml1/DTD/xhtml1-transitional.dtd">
<html xmlns="http://www.w3.org/1999/xhtml" xml:lang="en" lang="en">
 <head>
  <title>
</title>
<meta http-equiv="Content-Type" content="text/html;charset=utf-8" />
  <meta name='ocr-system' content='tesseract 3.04.00' />
  <meta name='ocr-capabilities' content='ocr_page ocr_carea ocr_par ocr_line ocrx_word'/>
</head>
<body>
  <div class='ocr_page' id='page_1' title='image "./carminabreviter00virggoog_0279.png"; bbox 0 0 2942 4975; ppageno 0'>
   <div class='ocr_carea' id='block_1_1' title="bbox 249 367 1054 435">
    <p class='ocr_par' dir='ltr' id='par_1_1' title="bbox 249 367 1054 435">
     <span class='ocr_line' id='line_1_1' title="bbox 249 367 1054 435; baseline -0.001 0"><span class='ocrx_word' id='word_1_1' title='bbox 249 369 315 435; x_wconf 87' lang='grc'>244</span> <span class='ocrx_word' id='word_1_2' title='bbox 620 369 654 433; x_wconf 93' lang='grc' dir='ltr'>Ρ.</span> <span class='ocrx_word' id='word_1_3' title='bbox 675 367 842 434; x_wconf 88' lang='lat' dir='ltr'>VIRGILI</span> <span class='ocrx_word' id='word_1_4' title='bbox 863 367 1054 434; x_wconf 86' lang='lat' dir='ltr'>MARONIS</span> 
     </span>
    </p>
   </div>
   <div class='ocr_carea' id='block_1_2' title="bbox 146 555 1461 3714">
    <p class='ocr_par' dir='ltr' id='par_1_2' title="bbox 146 555 1461 3714">
     <span class='ocr_line' id='line_1_2' title="bbox 335 555 1204 638; baseline -0.001 -16"><span class='ocrx_word' id='word_1_5' title='bbox 335 555 510 622; x_wconf 89' lang='lat' dir='ltr'>Ostentaus</span> <span class='ocrx_word' id='word_1_6' title='bbox 532 559 697 638; x_wconf 81' lang='lat' dir='ltr'><strong>artemque</strong></span> <span class='ocrx_word' id='word_1_7' title='bbox 718 560 813 638; x_wconf 90' lang='lat' dir='ltr'>pater</span> <span class='ocrx_word' id='word_1_8' title='bbox 834 573 1007 636; x_wconf 91' lang='lat' dir='ltr'>arcumque</span> <span class='ocrx_word' id='word_1_9' title='bbox 1029 561 1204 621; x_wconf 89' lang='lat' dir='ltr'>sonantem.</span> 
     </span>
     <span class='ocr_line' id='line_1_3' title="bbox 334 639 1217 722; baseline 0 -15"><span class='ocrx_word' id='word_1_10' title='bbox 334 641 395 707; x_wconf 89' lang='lat' dir='ltr'>Hic</span> <span class='ocrx_word' id='word_1_11' title='bbox 418 641 518 707; x_wconf 88' lang='lat' dir='ltr'>oculis</span> <span class='ocrx_word' id='word_1_12' title='bbox 539 641 680 706; x_wconf 91' lang='lat' dir='ltr'>subitum</span> <span class='ocrx_word' id='word_1_13' title='bbox 702 640 853 706; x_wconf 91' lang='lat' dir='ltr'>obiicitur</span> <span class='ocrx_word' id='word_1_14' title='bbox 874 658 1053 722; x_wconf 85' lang='lat' dir='ltr'>magnoque</span> <span class='ocrx_word' id='word_1_15' title='bbox 1073 639 1217 707; x_wconf 84' lang='lat' dir='ltr'>futurum</span> 
     </span>
     <span class='ocr_line' id='line_1_4' title="bbox 335 725 1188 808; baseline -0.001 -15"><span class='ocrx_word' id='word_1_16' title='bbox 335 726 477 808; x_wconf 83' lang='lat' dir='ltr'>Augurio</span> <span class='ocrx_word' id='word_1_17' title='bbox 499 727 690 806; x_wconf 73' lang='lat' dir='ltr'>monstrum,</span> <span class='ocrx_word' id='word_1_18' title='bbox 714 725 823 790; x_wconf 94' lang='lat' dir='ltr'>docuit</span> <span class='ocrx_word' id='word_1_19' title='bbox 844 729 917 807; x_wconf 92' lang='lat' dir='ltr'>post</span> <span class='ocrx_word' id='word_1_20' title='bbox 940 725 1044 790; x_wconf 82' lang='lat' dir='ltr'>exitus</span> <span class='ocrx_word' id='word_1_21' title='bbox 1065 727 1188 808; x_wconf 82' lang='lat' dir='ltr'>ingens,</span> 
     </span>
     <span class='ocr_line' id='line_1_5' title="bbox 335 810 1088 894; baseline -0.001 -18"><span class='ocrx_word' id='word_1_22' title='bbox 335 811 476 894; x_wconf 87' lang='lat' dir='ltr'>Seraque</span> <span class='ocrx_word' id='word_1_23' title='bbox 499 810 631 876; x_wconf 88' lang='lat' dir='ltr'>terrifici</span> <span class='ocrx_word' id='word_1_24' title='bbox 654 811 840 876; x_wconf 89' lang='lat' dir='ltr'>cecinerunt</span> <span class='ocrx_word' id='word_1_25' title='bbox 861 810 967 876; x_wconf 90' lang='lat' dir='ltr'>omina</span> <span class='ocrx_word' id='word_1_26' title='bbox 988 815 1088 876; x_wconf 91' lang='lat' dir='ltr'>vates.</span> 
     </span>
     <span class='ocr_line' id='line_1_6' title="bbox 146 894 1231 979; baseline -0.001 -17"><span class='ocrx_word' id='word_1_27' title='bbox 146 909 150 926; x_wconf 88' lang='lat'><em>¹</em></span> <span class='ocrx_word' id='word_1_28' title='bbox 248 895 313 963; x_wconf 91' lang='grc'>525</span> <span class='ocrx_word' id='word_1_29' title='bbox 333 897 480 979; x_wconf 91' lang='lat' dir='ltr'>Namque</span> <span class='ocrx_word' id='word_1_30' title='bbox 501 898 612 961; x_wconf 87' lang='lat' dir='ltr'>volans</span> <span class='ocrx_word' id='word_1_31' title='bbox 634 895 763 977; x_wconf 89' lang='lat' dir='ltr'>liquidis</span> <span class='ocrx_word' id='word_1_32' title='bbox 784 897 818 960; x_wconf 93' lang='lat' dir='ltr'>iu</span> <span class='ocrx_word' id='word_1_33' title='bbox 840 894 977 960; x_wconf 92' lang='lat' dir='ltr'>nubibus</span> <span class='ocrx_word' id='word_1_34' title='bbox 999 896 1078 960; x_wconf 82' lang='lat' dir='ltr'>arsit</span> <span class='ocrx_word' id='word_1_35' title='bbox 1100 897 1231 975; x_wconf 89' lang='lat' dir='ltr'>arundo,</span> 
     </span>
     <span class='ocr_line' id='line_1_7' title="bbox 335 979 1165 1063; baseline 0 -16"><span class='ocrx_word' id='word_1_36' title='bbox 335 981 541 1063; x_wconf 85' lang='lat' dir='ltr'>Signavitque</span> <span class='ocrx_word' id='word_1_37' title='bbox 562 982 647 1046; x_wconf 91' lang='lat' dir='ltr'>viam</span> <span class='ocrx_word' id='word_1_38' title='bbox 669 979 816 1059; x_wconf 88' lang='lat' dir='ltr'>flammis,</span> <span class='ocrx_word' id='word_1_39' title='bbox 839 981 1009 1063; x_wconf 84' lang='lat' dir='ltr'>tenuisque</span> <span class='ocrx_word' id='word_1_40' title='bbox 1031 982 1165 1047; x_wconf 83' lang='lat' dir='ltr'>recessit</span> 
     </span>
     <span class='ocr_line' id='line_1_8' title="bbox 335 1065 1169 1149; baseline -0.001 -16"><span class='ocrx_word' id='word_1_41' title='bbox 335 1067 532 1149; x_wconf 83' lang='lat' dir='ltr'>Consumpta</span> <span class='ocrx_word' id='word_1_42' title='bbox 552 1066 586 1131; x_wconf 91' lang='lat' dir='ltr'>in</span> <span class='ocrx_word' id='word_1_43' title='bbox 606 1070 735 1146; x_wconf 91' lang='lat' dir='ltr'>ventos;</span> <span class='ocrx_word' id='word_1_44' title='bbox 759 1067 847 1132; x_wconf 90' lang='lat' dir='ltr'>caelo</span> <span class='ocrx_word' id='word_1_45' title='bbox 870 1084 929 1131; x_wconf 93' lang='lat' dir='ltr'>ceu</span> <span class='ocrx_word' id='word_1_46' title='bbox 951 1083 1047 1148; x_wconf 85' lang='lat' dir='ltr'>saepe</span> <span class='ocrx_word' id='word_1_47' title='bbox 1069 1065 1169 1132; x_wconf 81' lang='lat' dir='ltr'>refixa</span> 
     </span>
     <span class='ocr_line' id='line_1_9' title="bbox 334 1151 1218 1233; baseline -0.001 -16"><span class='ocrx_word' id='word_1_48' title='bbox 334 1153 571 1218; x_wconf 81' lang='lat' dir='ltr'>Transcurrunt</span> <span class='ocrx_word' id='word_1_49' title='bbox 593 1151 776 1233; x_wconf 89' lang='lat' dir='ltr'>crinemque</span> <span class='ocrx_word' id='word_1_50' title='bbox 796 1151 939 1216; x_wconf 88' lang='lat' dir='ltr'>volantia</span> <span class='ocrx_word' id='word_1_51' title='bbox 960 1152 1066 1217; x_wconf 90' lang='lat' dir='ltr'>sidera</span> <span class='ocrx_word' id='word_1_52' title='bbox 1088 1153 1218 1217; x_wconf 91' lang='lat' dir='ltr'>ducunt.</span> 
     </span>
     <span class='ocr_line' id='line_1_10' title="bbox 333 1236 1164 1319; baseline -0.001 -16"><span class='ocrx_word' id='word_1_53' title='bbox 333 1237 489 1303; x_wconf 89' lang='lat' dir='ltr'>Attonitis</span> <span class='ocrx_word' id='word_1_54' title='bbox 510 1237 644 1302; x_wconf 84' lang='lat' dir='ltr'>haesere</span> <span class='ocrx_word' id='word_1_55' title='bbox 662 1236 792 1315; x_wconf 87' lang='lat' dir='ltr'>animis,</span> <span class='ocrx_word' id='word_1_56' title='bbox 814 1236 1018 1319; x_wconf 83' lang='lat' dir='ltr'>Superosque</span> <span class='ocrx_word' id='word_1_57' title='bbox 1039 1238 1164 1319; x_wconf 91' lang='lat' dir='ltr'>precati</span> 
     </span>
     <span class='ocr_line' id='line_1_11' title="bbox 247 1321 1173 1405; baseline -0.002 -17"><span class='ocrx_word' id='word_1_58' title='bbox 247 1321 312 1388; x_wconf 92' lang='grc'>530</span> <span class='ocrx_word' id='word_1_59' title='bbox 335 1322 491 1387; x_wconf 88' lang='lat' dir='ltr'>Trinacrii</span> <span class='ocrx_word' id='word_1_60' title='bbox 513 1322 691 1405; x_wconf 89' lang='lat' dir='ltr'>Teucrique</span> <span class='ocrx_word' id='word_1_61' title='bbox 713 1322 787 1400; x_wconf 76' lang='lat' dir='ltr'>viri3</span> <span class='ocrx_word' id='word_1_62' title='bbox 809 1340 869 1386; x_wconf 91' lang='lat' dir='ltr'>nec</span> <span class='ocrx_word' id='word_1_63' title='bbox 891 1341 1057 1387; x_wconf 85' lang='lat' dir='ltr'>maxumus</span> <span class='ocrx_word' id='word_1_64' title='bbox 1079 1339 1173 1387; x_wconf 91' lang='lat' dir='ltr'>omen</span> 
     </span>
     <span class='ocr_line' id='line_1_12' title="bbox 334 1407 1187 1490; baseline -0.002 -17"><span class='ocrx_word' id='word_1_65' title='bbox 334 1407 457 1473; x_wconf 91' lang='lat' dir='ltr'>Abnuit</span> <span class='ocrx_word' id='word_1_66' title='bbox 477 1408 617 1487; x_wconf 80' lang='lat' dir='ltr'>Aeneas3</span> <span class='ocrx_word' id='word_1_67' title='bbox 640 1407 698 1471; x_wconf 88' lang='lat' dir='ltr'>sed</span> <span class='ocrx_word' id='word_1_68' title='bbox 719 1407 840 1471; x_wconf 91' lang='lat' dir='ltr'>laetum</span> <span class='ocrx_word' id='word_1_69' title='bbox 862 1407 1026 1490; x_wconf 85' lang='lat' dir='ltr'>amplexus</span> <span class='ocrx_word' id='word_1_70' title='bbox 1047 1409 1187 1473; x_wconf 86' lang='lat' dir='ltr'>Acesten</span> 
     </span>
     <span class='ocr_line' id='line_1_13' title="bbox 333 1491 1122 1574; baseline 0 -17"><span class='ocrx_word' id='word_1_71' title='bbox 333 1492 520 1558; x_wconf 88' lang='lat' dir='ltr'>Muneribus</span> <span class='ocrx_word' id='word_1_72' title='bbox 543 1493 683 1557; x_wconf 90' lang='lat' dir='ltr'>cumulat</span> <span class='ocrx_word' id='word_1_73' title='bbox 704 1492 843 1574; x_wconf 83' lang='lat' dir='ltr'>magnis,</span> <span class='ocrx_word' id='word_1_74' title='bbox 865 1511 902 1558; x_wconf 89' lang='lat' dir='ltr'>ac</span> <span class='ocrx_word' id='word_1_75' title='bbox 924 1493 1002 1574; x_wconf 76' lang='lat' dir='ltr'>talia</span> <span class='ocrx_word' id='word_1_76' title='bbox 1022 1491 1122 1557; x_wconf 89' lang='lat' dir='ltr'>fatur:</span> 
     </span>
     <span class='ocr_line' id='line_1_14' title="bbox 335 1576 1233 1661; baseline -0.001 -20"><span class='ocrx_word' id='word_1_77' title='bbox 335 1576 443 1657; x_wconf 85' lang='lat' dir='ltr'>Sume,</span> <span class='ocrx_word' id='word_1_78' title='bbox 464 1582 571 1660; x_wconf 92' lang='lat' dir='ltr'>pater;</span> <span class='ocrx_word' id='word_1_79' title='bbox 595 1597 668 1642; x_wconf 87' lang='lat' dir='ltr'>nam</span> <span class='ocrx_word' id='word_1_80' title='bbox 690 1582 724 1642; x_wconf 89' lang='lat' dir='ltr'>te</span> <span class='ocrx_word' id='word_1_81' title='bbox 746 1577 849 1642; x_wconf 90' lang='lat' dir='ltr'>voluit</span> <span class='ocrx_word' id='word_1_82' title='bbox 869 1596 926 1642; x_wconf 84' lang='lat' dir='ltr'>rex</span> <span class='ocrx_word' id='word_1_83' title='bbox 948 1596 1081 1660; x_wconf 82' lang='lat' dir='ltr'>magnus</span> <span class='ocrx_word' id='word_1_84' title='bbox 1104 1577 1233 1661; x_wconf 86' lang='lat' dir='ltr'>Olympi</span> 
     </span>
     <span class='ocr_line' id='line_1_15' title="bbox 335 1661 1142 1743; baseline -0.002 -15"><span class='ocrx_word' id='word_1_85' title='bbox 335 1663 464 1728; x_wconf 84' lang='lat' dir='ltr'>Talibus</span> <span class='ocrx_word' id='word_1_86' title='bbox 487 1661 635 1743; x_wconf 85' lang='lat' dir='ltr'>auspiciis</span> <span class='ocrx_word' id='word_1_87' title='bbox 658 1667 818 1728; x_wconf 87' lang='lat' dir='ltr'>exsortem</span> <span class='ocrx_word' id='word_1_88' title='bbox 841 1662 958 1728; x_wconf 88' lang='lat' dir='ltr'>ducere</span> <span class='ocrx_word' id='word_1_89' title='bbox 979 1663 1142 1728; x_wconf 91' lang='lat' dir='ltr'>honorem.</span> 
     </span>
     <span class='ocr_line' id='line_1_16' title="bbox 247 1746 1169 1830; baseline -0.002 -17"><span class='ocrx_word' id='word_1_90' title='bbox 247 1746 311 1813; x_wconf 91' lang='grc'>535</span> <span class='ocrx_word' id='word_1_91' title='bbox 332 1747 436 1830; x_wconf 84' lang='lat' dir='ltr'>Ipsius</span> <span class='ocrx_word' id='word_1_92' title='bbox 458 1748 616 1813; x_wconf 84' lang='lat' dir='ltr'>Anchisae</span> <span class='ocrx_word' id='word_1_93' title='bbox 638 1747 787 1829; x_wconf 82' lang='lat' dir='ltr'>longaevi</span> <span class='ocrx_word' id='word_1_94' title='bbox 808 1748 869 1813; x_wconf 93' lang='lat' dir='ltr'>hoc</span> <span class='ocrx_word' id='word_1_95' title='bbox 891 1767 1007 1812; x_wconf 89' lang='lat' dir='ltr'>munus</span> <span class='ocrx_word' id='word_1_96' title='bbox 1028 1749 1169 1827; x_wconf 87' lang='lat' dir='ltr'>habebis,</span> 
     </span>
     <span class='ocr_line' id='line_1_17' title="bbox 335 1832 1193 1914; baseline 0 -16"><span class='ocrx_word' id='word_1_97' title='bbox 335 1833 468 1898; x_wconf 87' lang='lat' dir='ltr'>Cratera</span> <span class='ocrx_word' id='word_1_98' title='bbox 488 1833 667 1914; x_wconf 88' lang='lat' dir='ltr'>inpressum</span> <span class='ocrx_word' id='word_1_99' title='bbox 690 1833 800 1914; x_wconf 85' lang='lat' dir='ltr'>signis,</span> <span class='ocrx_word' id='word_1_100' title='bbox 823 1852 917 1914; x_wconf 91' lang='lat' dir='ltr'>quem</span> <span class='ocrx_word' id='word_1_101' title='bbox 940 1832 1094 1898; x_wconf 91' lang='lat' dir='ltr'>Thracius</span> <span class='ocrx_word' id='word_1_102' title='bbox 1117 1832 1193 1898; x_wconf 92' lang='lat' dir='ltr'>olim</span> 
     </span>
     <span class='ocr_line' id='line_1_18' title="bbox 333 1917 1149 2000; baseline 0.001 -18"><span class='ocrx_word' id='word_1_103' title='bbox 333 1917 491 1982; x_wconf 80' lang='lat' dir='ltr'>Anchisae</span> <span class='ocrx_word' id='word_1_104' title='bbox 514 1917 651 1999; x_wconf 83' lang='lat' dir='ltr'>genitori</span> <span class='ocrx_word' id='word_1_105' title='bbox 673 1917 706 1982; x_wconf 92' lang='lat' dir='ltr'>in</span> <span class='ocrx_word' id='word_1_106' title='bbox 728 1937 844 2000; x_wconf 83' lang='lat' dir='ltr'>magno</span> <span class='ocrx_word' id='word_1_107' title='bbox 868 1937 999 1982; x_wconf 92' lang='lat' dir='ltr'>munere</span> <span class='ocrx_word' id='word_1_108' title='bbox 1022 1918 1149 1984; x_wconf 85' lang='lat' dir='ltr'>Cisseus</span> 
     </span>
     <span class='ocr_line' id='line_1_19' title="bbox 331 2002 1266 2086; baseline 0 -19"><span class='ocrx_word' id='word_1_109' title='bbox 331 2003 432 2067; x_wconf 87' lang='lat' dir='ltr'>Ferre</span> <span class='ocrx_word' id='word_1_110' title='bbox 454 2002 503 2066; x_wconf 92' lang='lat' dir='ltr'>sui</span> <span class='ocrx_word' id='word_1_111' title='bbox 525 2002 659 2068; x_wconf 89' lang='lat' dir='ltr'>dederat</span> <span class='ocrx_word' id='word_1_112' title='bbox 681 2008 923 2068; x_wconf 89' lang='lat' dir='ltr'>monumentum</span> <span class='ocrx_word' id='word_1_113' title='bbox 946 2008 980 2068; x_wconf 92' lang='lat' dir='ltr'>et</span> <span class='ocrx_word' id='word_1_114' title='bbox 1000 2004 1116 2086; x_wconf 84' lang='lat' dir='ltr'>pignus</span> <span class='ocrx_word' id='word_1_115' title='bbox 1139 2003 1266 2069; x_wconf 90' lang='lat' dir='ltr'>amoris.</span> 
     </span>
     <span class='ocr_line' id='line_1_20' title="bbox 333 2086 1076 2170; baseline 0.003 -18"><span class='ocrx_word' id='word_1_116' title='bbox 333 2087 386 2152; x_wconf 83' lang='lat' dir='ltr'>Sic</span> <span class='ocrx_word' id='word_1_117' title='bbox 408 2086 493 2152; x_wconf 81' lang='lat' dir='ltr'>tatus</span> <span class='ocrx_word' id='word_1_118' title='bbox 516 2088 615 2169; x_wconf 83' lang='lat' dir='ltr'>cingit</span> <span class='ocrx_word' id='word_1_119' title='bbox 635 2087 788 2152; x_wconf 85' lang='lat' dir='ltr'>viridanti</span> <span class='ocrx_word' id='word_1_120' title='bbox 809 2094 954 2170; x_wconf 89' lang='lat' dir='ltr'>tempora</span> <span class='ocrx_word' id='word_1_121' title='bbox 975 2089 1076 2168; x_wconf 89' lang='lat' dir='ltr'>lauro,</span> 
     </span>
     <span class='ocr_line' id='line_1_21' title="bbox 246 2171 1269 2256; baseline -0.001 -18"><span class='ocrx_word' id='word_1_122' title='bbox 246 2171 310 2238; x_wconf 84' lang='lat'>540</span> <span class='ocrx_word' id='word_1_123' title='bbox 331 2174 376 2238; x_wconf 86' lang='lat' dir='ltr'>Et</span> <span class='ocrx_word' id='word_1_124' title='bbox 395 2174 533 2256; x_wconf 91' lang='lat' dir='ltr'>primum</span> <span class='ocrx_word' id='word_1_125' title='bbox 556 2177 631 2239; x_wconf 90' lang='lat' dir='ltr'>ante</span> <span class='ocrx_word' id='word_1_126' title='bbox 654 2173 756 2238; x_wconf 92' lang='lat' dir='ltr'>omnis</span> <span class='ocrx_word' id='word_1_127' title='bbox 777 2173 931 2238; x_wconf 91' lang='lat' dir='ltr'>victorem</span> <span class='ocrx_word' id='word_1_128' title='bbox 954 2174 1097 2256; x_wconf 85' lang='lat' dir='ltr'>appellat</span> <span class='ocrx_word' id='word_1_129' title='bbox 1118 2176 1269 2240; x_wconf 85' lang='lat' dir='ltr'>Acesten.</span> 
     </span>
     <span class='ocr_line' id='line_1_22' title="bbox 331 2258 1149 2341; baseline -0.001 -17"><span class='ocrx_word' id='word_1_130' title='bbox 331 2259 400 2324; x_wconf 90' lang='lat' dir='ltr'>Nec</span> <span class='ocrx_word' id='word_1_131' title='bbox 421 2258 526 2324; x_wconf 91' lang='lat' dir='ltr'>bonus</span> <span class='ocrx_word' id='word_1_132' title='bbox 545 2258 702 2340; x_wconf 87' lang='lat' dir='ltr'>Eurytion</span> <span class='ocrx_word' id='word_1_133' title='bbox 724 2259 869 2341; x_wconf 90' lang='lat' dir='ltr'>praelato</span> <span class='ocrx_word' id='word_1_134' title='bbox 891 2259 1005 2324; x_wconf 92' lang='lat' dir='ltr'>invidit</span> <span class='ocrx_word' id='word_1_135' title='bbox 1027 2259 1149 2339; x_wconf 91' lang='lat' dir='ltr'>honori,</span> 
     </span>
     <span class='ocr_line' id='line_1_23' title="bbox 331 2344 1114 2422; baseline -0.001 -13"><span class='ocrx_word' id='word_1_136' title='bbox 331 2344 480 2422; x_wconf 88' lang='lat' dir='ltr'>Quamvis</span> <span class='ocrx_word' id='word_1_137' title='bbox 503 2344 589 2409; x_wconf 89' lang='lat' dir='ltr'>solus</span> <span class='ocrx_word' id='word_1_138' title='bbox 612 2362 703 2408; x_wconf 90' lang='lat' dir='ltr'>avem</span> <span class='ocrx_word' id='word_1_139' title='bbox 726 2344 815 2408; x_wconf 90' lang='lat' dir='ltr'>caelo</span> <span class='ocrx_word' id='word_1_140' title='bbox 837 2344 955 2409; x_wconf 90' lang='lat' dir='ltr'>deiecit</span> <span class='ocrx_word' id='word_1_141' title='bbox 976 2345 1016 2409; x_wconf 92' lang='lat' dir='ltr'>ab</span> <span class='ocrx_word' id='word_1_142' title='bbox 1039 2345 1114 2409; x_wconf 91' lang='lat' dir='ltr'>alto.</span> 
     </span>
     <span class='ocr_line' id='line_1_24' title="bbox 330 2428 1177 2512; baseline -0.001 -17"><span class='ocrx_word' id='word_1_143' title='bbox 330 2430 508 2495; x_wconf 81' lang='lat' dir='ltr'>Proxumus</span> <span class='ocrx_word' id='word_1_144' title='bbox 530 2429 709 2512; x_wconf 82' lang='lat' dir='ltr'>ingreditur</span> <span class='ocrx_word' id='word_1_145' title='bbox 731 2430 835 2509; x_wconf 89' lang='lat' dir='ltr'>donis,</span> <span class='ocrx_word' id='word_1_146' title='bbox 858 2428 912 2512; x_wconf 93' lang='lat' dir='ltr'>qni</span> <span class='ocrx_word' id='word_1_147' title='bbox 934 2429 1062 2495; x_wconf 91' lang='lat' dir='ltr'>vincula</span> <span class='ocrx_word' id='word_1_148' title='bbox 1081 2429 1177 2512; x_wconf 92' lang='lat' dir='ltr'>rupit,</span> 
     </span>
     <span class='ocr_line' id='line_1_25' title="bbox 329 2514 1154 2602; baseline -0.001 -21"><span class='ocrx_word' id='word_1_149' title='bbox 329 2516 516 2594; x_wconf 64' lang='lat' dir='ltr'>Extremum</span> <span class='ocrx_word' id='word_1_150' title='bbox 537 2516 660 2580; x_wconf 91' lang='lat' dir='ltr'>volucri</span> <span class='ocrx_word' id='word_1_151' title='bbox 682 2516 737 2602; x_wconf 93' lang='lat' dir='ltr'>qui</span> <span class='ocrx_word' id='word_1_152' title='bbox 759 2514 829 2579; x_wconf 80' lang='lat' dir='ltr'>fixit</span> <span class='ocrx_word' id='word_1_153' title='bbox 850 2516 1005 2581; x_wconf 89' lang='lat' dir='ltr'>arundine</span> <span class='ocrx_word' id='word_1_154' title='bbox 1028 2517 1154 2580; x_wconf 88' lang='lat' dir='ltr'>malum</span> 
     </span>
     <span class='ocr_line' id='line_1_26' title="bbox 244 2599 1461 2712; baseline 0 -47"><span class='ocrx_word' id='word_1_155' title='bbox 244 2599 308 2665; x_wconf 92' lang='grc'>545</span> <span class='ocrx_word' id='word_1_156' title='bbox 415 2603 459 2667; x_wconf 90' lang='lat' dir='ltr'>At</span> <span class='ocrx_word' id='word_1_157' title='bbox 480 2604 574 2683; x_wconf 91' lang='lat' dir='ltr'>pater</span> <span class='ocrx_word' id='word_1_158' title='bbox 595 2603 734 2680; x_wconf 75' lang='lat' dir='ltr'>Aeneae,</span> <span class='ocrx_word' id='word_1_159' title='bbox 757 2602 899 2666; x_wconf 93' lang='lat' dir='ltr'>nondum</span> <span class='ocrx_word' id='word_1_160' title='bbox 923 2601 1097 2667; x_wconf 89' lang='lat' dir='ltr'>certamine</span> <span class='ocrx_word' id='word_1_161' title='bbox 1118 2600 1225 2679; x_wconf 90' lang='lat' dir='ltr'>misso,</span> <span class='ocrx_word' id='word_1_162' title='bbox 1459 2635 1461 2712; x_wconf 67' lang='grc'>1</span> 
     </span>
     <span class='ocr_line' id='line_1_27' title="bbox 331 2685 1130 2768; baseline -0.001 -18"><span class='ocrx_word' id='word_1_163' title='bbox 331 2685 503 2751; x_wconf 84' lang='lat' dir='ltr'>Custodem</span> <span class='ocrx_word' id='word_1_164' title='bbox 527 2686 566 2750; x_wconf 87' lang='lat' dir='ltr'>ad</span> <span class='ocrx_word' id='word_1_165' title='bbox 589 2704 660 2751; x_wconf 89' lang='lat' dir='ltr'>sese</span> <span class='ocrx_word' id='word_1_166' title='bbox 684 2686 897 2768; x_wconf 90' lang='lat' dir='ltr'>comitemque</span> <span class='ocrx_word' id='word_1_167' title='bbox 919 2686 1046 2768; x_wconf 92' lang='lat' dir='ltr'>inpubis</span> <span class='ocrx_word' id='word_1_168' title='bbox 1068 2686 1130 2750; x_wconf 90' lang='lat' dir='ltr'>Iuh</span> 
     </span>
     <span class='ocr_line' id='line_1_28' title="bbox 243 2883 1411 2958; baseline 0.001 -21"><span class='ocrx_word' id='word_1_169' title='bbox 243 2883 301 2939; x_wconf 84' lang='grc'>521.</span> <span class='ocrx_word' id='word_1_170' title='bbox 316 2893 394 2954; x_wconf 86' lang='lat' dir='ltr'>pater</span> <span class='ocrx_word' id='word_1_171' title='bbox 412 2888 447 2938; x_wconf 86' lang='lat' dir='ltr'>ita</span> <span class='ocrx_word' id='word_1_172' title='bbox 465 2904 614 2954; x_wconf 75' lang='lat' dir='ltr'>praegresso</span> <span class='ocrx_word' id='word_1_173' title='bbox 632 2889 773 2940; x_wconf 85' lang='lat' dir='ltr'>Pronomiui</span> <span class='ocrx_word' id='word_1_174' title='bbox 791 2889 871 2958; x_wconf 75' lang='lat' dir='ltr'>(Qui)</span> <span class='ocrx_word' id='word_1_175' title='bbox 889 2892 1028 2953; x_wconf 83' lang='lat' dir='ltr'>subiicitur,</span> <span class='ocrx_word' id='word_1_176' title='bbox 1048 2897 1077 2941; x_wconf 92' lang='lat' dir='ltr'>ut</span> <span class='ocrx_word' id='word_1_177' title='bbox 1094 2891 1202 2953; x_wconf 76' lang='lat' dir='ltr'>dignitas</span> <span class='ocrx_word' id='word_1_178' title='bbox 1220 2890 1323 2941; x_wconf 89' lang='lat' dir='ltr'>hominis</span> <span class='ocrx_word' id='word_1_179' title='bbox 1339 2894 1411 2938; x_wconf 74' lang='lat' dir='ltr'>ostar·</span> 
     </span>
     <span class='ocr_line' id='line_1_29' title="bbox 243 2955 1412 3025; baseline 0 -20"><span class='ocrx_word' id='word_1_180' title='bbox 243 2956 329 3019; x_wconf 88' lang='lat' dir='ltr'>datnr,</span> <span class='ocrx_word' id='word_1_181' title='bbox 351 2962 379 3005; x_wconf 88' lang='lat' dir='ltr'>ut</span> <span class='ocrx_word' id='word_1_182' title='bbox 396 2959 450 3007; x_wconf 74' lang='lat' dir='ltr'>viro</span> <span class='ocrx_word' id='word_1_183' title='bbox 468 2972 544 3025; x_wconf 85' lang='lat' dir='ltr'>supra</span> <span class='ocrx_word' id='word_1_184' title='bbox 561 2973 599 3007; x_wconf 88' lang='lat' dir='ltr'>vs.</span> <span class='ocrx_word' id='word_1_185' title='bbox 617 2955 676 3021; x_wconf 89' lang='grc'>262,</span> <span class='ocrx_word' id='word_1_186' title='bbox 694 2962 782 3010; x_wconf 76' lang='lat' dir='ltr'>senior</span> <span class='ocrx_word' id='word_1_187' title='bbox 801 2958 842 3023; x_wconf 89' lang='grc'>12,</span> <span class='ocrx_word' id='word_1_188' title='bbox 858 2957 918 3011; x_wconf 91' lang='grc'>401.</span> <span class='ocrx_word' id='word_1_189' title='bbox 936 2987 971 2996; x_wconf 99' lang='grc'>-</span> <span class='ocrx_word' id='word_1_190' title='bbox 988 2963 1087 3022; x_wconf 80' lang='lat' dir='ltr'>artem,</span> <span class='ocrx_word' id='word_1_191' title='bbox 1113 2973 1177 3024; x_wconf 88' lang='lat' dir='ltr'>quae</span> <span class='ocrx_word' id='word_1_192' title='bbox 1200 2959 1256 3025; x_wconf 86' lang='lat' dir='ltr'>ipsa</span> <span class='ocrx_word' id='word_1_193' title='bbox 1274 2955 1412 3009; x_wconf 81' lang='lat' dir='ltr'>cernituris</span> 
     </span>
     <span class='ocr_line' id='line_1_30' title="bbox 242 3021 1458 3096; baseline 0.005 -22"><span class='ocrx_word' id='word_1_194' title='bbox 242 3024 336 3088; x_wconf 71' lang='lat' dir='ltr'>sagitta</span> <span class='ocrx_word' id='word_1_195' title='bbox 353 3021 450 3075; x_wconf 74' lang='lat' dir='ltr'>fortiter</span> <span class='ocrx_word' id='word_1_196' title='bbox 468 3031 492 3075; x_wconf 88' lang='lat' dir='ltr'>et</span> <span class='ocrx_word' id='word_1_197' title='bbox 510 3042 565 3076; x_wconf 89' lang='lat' dir='ltr'>cum</span> <span class='ocrx_word' id='word_1_198' title='bbox 583 3027 656 3090; x_wconf 76' lang='lat' dir='ltr'>gravi</span> <span class='ocrx_word' id='word_1_199' title='bbox 673 3042 733 3077; x_wconf 91' lang='lat' dir='ltr'>sono</span> <span class='ocrx_word' id='word_1_200' title='bbox 752 3040 826 3078; x_wconf 83' lang='lat' dir='ltr'>arcus</span> <span class='ocrx_word' id='word_1_201' title='bbox 844 3025 997 3096; x_wconf 65' lang='lat' dir='ltr'>emittenda!</span> <span class='ocrx_word' id='word_1_202' title='bbox 1031 3025 1083 3077; x_wconf 87' lang='grc'>523</span> <span class='ocrx_word' id='word_1_203' title='bbox 1100 3042 1137 3091; x_wconf 90' lang='lat' dir='ltr'>sq.</span> <span class='ocrx_word' id='word_1_204' title='bbox 1156 3035 1245 3090; x_wconf 82' lang='lat' dir='ltr'>vates,</span> <span class='ocrx_word' id='word_1_205' title='bbox 1269 3042 1337 3077; x_wconf 85' lang='lat' dir='ltr'>omen</span> <span class='ocrx_word' id='word_1_206' title='bbox 1359 3024 1411 3074; x_wconf 77' lang='lat' dir='ltr'>illul</span> <span class='ocrx_word' id='word_1_207' title='bbox 1457 3047 1458 3080; x_wconf 80' lang='lat' dir='ltr'>l</span> 
     </span>
     <span class='ocr_line' id='line_1_31' title="bbox 241 3092 1458 3160; baseline 0 -17"><span class='ocrx_word' id='word_1_208' title='bbox 241 3092 443 3159; x_wconf 83' lang='lat' dir='ltr'>interpretantes,</span> <span class='ocrx_word' id='word_1_209' title='bbox 462 3093 587 3160; x_wconf 88' lang='lat' dir='ltr'>aliquanto</span> <span class='ocrx_word' id='word_1_210' title='bbox 612 3101 669 3160; x_wconf 90' lang='lat' dir='ltr'>post</span> <span class='ocrx_word' id='word_1_211' title='bbox 692 3096 766 3159; x_wconf 79' lang='lat' dir='ltr'>gravi</span> <span class='ocrx_word' id='word_1_212' title='bbox 789 3112 844 3145; x_wconf 87' lang='lat' dir='ltr'>enm</span> <span class='ocrx_word' id='word_1_213' title='bbox 866 3111 949 3147; x_wconf 90' lang='lat' dir='ltr'>rerurn</span> <span class='ocrx_word' id='word_1_214' title='bbox 973 3096 1132 3146; x_wconf 85' lang='lat' dir='ltr'>conversione</span> <span class='ocrx_word' id='word_1_215' title='bbox 1150 3102 1264 3147; x_wconf 87' lang='lat' dir='ltr'>eventum</span> <span class='ocrx_word' id='word_1_216' title='bbox 1282 3095 1411 3146; x_wconf 76' lang='lat' dir='ltr'>habiturum</span> <span class='ocrx_word' id='word_1_217' title='bbox 1457 3095 1458 3110; x_wconf 66' lang='lat'>¹</span> 
     </span>
     <span class='ocr_line' id='line_1_32' title="bbox 241 3159 1458 3226; baseline 0.002 -16"><span class='ocrx_word' id='word_1_218' title='bbox 241 3162 373 3220; x_wconf 80' lang='lat' dir='ltr'>canebaut3</span> <span class='ocrx_word' id='word_1_219' title='bbox 397 3168 422 3211; x_wconf 91' lang='lat' dir='ltr'>et</span> <span class='ocrx_word' id='word_1_220' title='bbox 440 3170 538 3225; x_wconf 83' lang='lat' dir='ltr'>gratum</span> <span class='ocrx_word' id='word_1_221' title='bbox 556 3166 654 3213; x_wconf 82' lang='lat' dir='ltr'>Aeneae</span> <span class='ocrx_word' id='word_1_222' title='bbox 672 3163 750 3213; x_wconf 86' lang='lat' dir='ltr'>luisse</span> <span class='ocrx_word' id='word_1_223' title='bbox 772 3165 844 3214; x_wconf 83' lang='lat' dir='ltr'>(locet</span> <span class='ocrx_word' id='word_1_224' title='bbox 865 3180 904 3214; x_wconf 89' lang='lat' dir='ltr'>vs.</span> <span class='ocrx_word' id='word_1_225' title='bbox 921 3160 1049 3215; x_wconf 87' lang='grc'>530-32.</span> <span class='ocrx_word' id='word_1_226' title='bbox 1084 3163 1242 3215; x_wconf 83' lang='lat' dir='ltr'>Monstratar</span> <span class='ocrx_word' id='word_1_227' title='bbox 1265 3179 1294 3215; x_wconf 86' lang='grc'>55</span> <span class='ocrx_word' id='word_1_228' title='bbox 1318 3159 1410 3226; x_wconf 61' lang='lat' dir='ltr'>camno</span> <span class='ocrx_word' id='word_1_229' title='bbox 1457 3189 1458 3200; x_wconf 33' lang='grc' dir='ltr'><strong>κ</strong></span> 
     </span>
     <span class='ocr_line' id='line_1_33' title="bbox 240 3229 1457 3365; baseline 0.001 -85"><span class='ocrx_word' id='word_1_230' title='bbox 240 3230 382 3365; x_wconf 52' lang='grc'>1111155515</span> <span class='ocrx_word' id='word_1_231' title='bbox 400 3229 427 3279; x_wconf 83' lang='grc'>0.</span> <span class='ocrx_word' id='word_1_232' title='bbox 445 3229 501 3349; x_wconf 77' lang='lat' dir='ltr'>lulisi</span> <span class='ocrx_word' id='word_1_233' title='bbox 518 3230 635 3349; x_wconf 66' lang='grc'>(15555115</span> <span class='ocrx_word' id='word_1_234' title='bbox 632 3269 650 3348; x_wconf 62' lang='lat' dir='ltr'>L,</span> <span class='ocrx_word' id='word_1_235' title='bbox 667 3232 848 3351; x_wconf 43' lang='lat' dir='ltr'>&amp;assurim</span> <span class='ocrx_word' id='word_1_236' title='bbox 871 3233 1019 3313; x_wconf 70' lang='lat' dir='ltr'>credebatpr</span> <span class='ocrx_word' id='word_1_237' title='bbox 1036 3234 1059 3282; x_wconf 90' lang='lat' dir='ltr'>in</span> <span class='ocrx_word' id='word_1_238' title='bbox 1078 3229 1411 3359; x_wconf 50' lang='grc' dir='ltr'>51511555ῑ1515115ἷ5615ᾘξ).</span> <span class='ocrx_word' id='word_1_239' title='bbox 1456 3265 1457 3272; x_wconf 42' lang='lat'>1</span> 
     </span>
     <span class='ocr_line' id='line_1_34' title="bbox 330 3312 1399 3353; baseline -0.004 -3"><span class='ocrx_word' id='word_1_240' title='bbox 330 3312 460 3353; x_wconf 67' lang='lat' dir='ltr'>Ofilthtl&#39;SR.</span> <span class='ocrx_word' id='word_1_241' title='bbox 503 3316 534 3349; x_wconf 80' lang='grc'>110</span> <span class='ocrx_word' id='word_1_242' title='bbox 548 3316 585 3350; x_wconf 78' lang='grc'>011.</span> <span class='ocrx_word' id='word_1_243' title='bbox 615 3317 632 3349; x_wconf 83' lang='lat' dir='ltr'>u</span> <span class='ocrx_word' id='word_1_244' title='bbox 772 3316 789 3350; x_wconf 82' lang='lat' dir='ltr'>u</span> <span class='ocrx_word' id='word_1_245' title='bbox 814 3316 840 3351; x_wconf 97' lang='grc'>18</span> <span class='ocrx_word' id='word_1_246' title='bbox 911 3316 939 3350; x_wconf 89' lang='grc'>08</span> <span class='ocrx_word' id='word_1_247' title='bbox 978 3316 1039 3350; x_wconf 79' lang='lat' dir='ltr'>nmo</span> <span class='ocrx_word' id='word_1_248' title='bbox 1063 3314 1181 3350; x_wconf 74' lang='grc'>00080010</span> <span class='ocrx_word' id='word_1_249' title='bbox 1209 3316 1263 3351; x_wconf 80' lang='lat' dir='ltr'>set</span> <span class='ocrx_word' id='word_1_250' title='bbox 1335 3312 1399 3349; x_wconf 65' lang='lat' dir='ltr'>MT!</span> 
     </span>
     <span class='ocr_line' id='line_1_35' title="bbox 237 3316 1411 3434; baseline -0.001 -16"><span class='ocrx_word' id='word_1_251' title='bbox 237 3370 367 3433; x_wconf 76' lang='lat' dir='ltr'>Angustus</span> <span class='ocrx_word' id='word_1_252' title='bbox 384 3366 480 3429; x_wconf 85' lang='lat' dir='ltr'>edebat,</span> <span class='ocrx_word' id='word_1_253' title='bbox 499 3368 594 3418; x_wconf 85' lang='lat' dir='ltr'>stella</span> <span class='ocrx_word' id='word_1_254' title='bbox 612 3337 739 3418; x_wconf 53' lang='lat' dir='ltr'>c’initr’a’</span> <span class='ocrx_word' id='word_1_255' title='bbox 752 3367 835 3434; x_wconf 80' lang='lat' dir='ltr'>fulsit,</span> <span class='ocrx_word' id='word_1_256' title='bbox 846 3316 1026 3433; x_wconf 54' lang='lat' dir='ltr'>&#39;crffiimriqua</span> <span class='ocrx_word' id='word_1_257' title='bbox 1049 3376 1088 3419; x_wconf 84' lang='lat' dir='ltr'>est</span> <span class='ocrx_word' id='word_1_258' title='bbox 1106 3369 1212 3419; x_wconf 84' lang='lat' dir='ltr'>animam</span> <span class='ocrx_word' id='word_1_259' title='bbox 1230 3384 1287 3418; x_wconf 88' lang='lat' dir='ltr'>esse</span> <span class='ocrx_word' id='word_1_260' title='bbox 1305 3365 1411 3419; x_wconf 65' lang='lat' dir='ltr'>caeam</span> 
     </span>
     <span class='ocr_line' id='line_1_36' title="bbox 238 3432 1456 3507; baseline 0 -21"><span class='ocrx_word' id='word_1_261' title='bbox 238 3437 262 3486; x_wconf 92' lang='lat' dir='ltr'>in</span> <span class='ocrx_word' id='word_1_262' title='bbox 280 3435 375 3489; x_wconf 87' lang='lat' dir='ltr'>caelum</span> <span class='ocrx_word' id='word_1_263' title='bbox 394 3437 513 3502; x_wconf 84' lang='lat' dir='ltr'>recepti.“</span> <span class='ocrx_word' id='word_1_264' title='bbox 549 3434 672 3502; x_wconf 85' lang='lat' dir='ltr'>Compara</span> <span class='ocrx_word' id='word_1_265' title='bbox 692 3438 753 3488; x_wconf 90' lang='lat' dir='ltr'>haec</span> <span class='ocrx_word' id='word_1_266' title='bbox 772 3453 826 3487; x_wconf 89' lang='lat' dir='ltr'>cnm</span> <span class='ocrx_word' id='word_1_267' title='bbox 843 3439 882 3488; x_wconf 87' lang='lat' dir='ltr'>his</span> <span class='ocrx_word' id='word_1_268' title='bbox 898 3438 1013 3489; x_wconf 88' lang='lat' dir='ltr'>versibus</span> <span class='ocrx_word' id='word_1_269' title='bbox 1025 3435 1183 3507; x_wconf 71' lang='lat' dir='ltr'>Yirgilianis:</span> <span class='ocrx_word' id='word_1_270' title='bbox 1202 3437 1336 3502; x_wconf 88' lang='lat' dir='ltr'>utrobique</span> <span class='ocrx_word' id='word_1_271' title='bbox 1352 3432 1412 3484; x_wconf 83' lang='lat' dir='ltr'>ludi</span> <span class='ocrx_word' id='word_1_272' title='bbox 1455 3477 1456 3486; x_wconf 73' lang='grc'>.</span> 
     </span>
     <span class='ocr_line' id='line_1_37' title="bbox 238 3504 1410 3572; baseline 0 -17"><span class='ocrx_word' id='word_1_273' title='bbox 238 3506 314 3556; x_wconf 85' lang='lat' dir='ltr'>divo</span> <span class='ocrx_word' id='word_1_274' title='bbox 333 3504 455 3571; x_wconf 90' lang='lat' dir='ltr'>parenti</span> <span class='ocrx_word' id='word_1_275' title='bbox 473 3505 666 3567; x_wconf 88' lang='lat' dir='ltr'>consecrati,</span> <span class='ocrx_word' id='word_1_276' title='bbox 684 3506 816 3571; x_wconf 88' lang='lat' dir='ltr'>utrobique</span> <span class='ocrx_word' id='word_1_277' title='bbox 833 3506 936 3557; x_wconf 85' lang='lat' dir='ltr'>stella</span> <span class='ocrx_word' id='word_1_278' title='bbox 954 3506 1078 3556; x_wconf 88' lang='lat' dir='ltr'>crinita.</span> <span class='ocrx_word' id='word_1_279' title='bbox 1115 3509 1151 3555; x_wconf 90' lang='lat' dir='ltr'>Ac</span> <span class='ocrx_word' id='word_1_280' title='bbox 1169 3521 1245 3572; x_wconf 88' lang='lat' dir='ltr'>prope</span> <span class='ocrx_word' id='word_1_281' title='bbox 1263 3504 1410 3555; x_wconf 77' lang='lat' dir='ltr'>manifesta!</span> 
     </span>
     <span class='ocr_line' id='line_1_38' title="bbox 237 3572 1411 3641; baseline -0.003 -18"><span class='ocrx_word' id='word_1_282' title='bbox 237 3579 284 3636; x_wconf 85' lang='lat' dir='ltr'>est,</span> <span class='ocrx_word' id='word_1_283' title='bbox 300 3574 366 3624; x_wconf 86' lang='lat' dir='ltr'>ludis</span> <span class='ocrx_word' id='word_1_284' title='bbox 384 3574 417 3623; x_wconf 88' lang='lat' dir='ltr'>ab</span> <span class='ocrx_word' id='word_1_285' title='bbox 427 3573 540 3637; x_wconf 73' lang='lat' dir='ltr'>Augusto</span> <span class='ocrx_word' id='word_1_286' title='bbox 554 3573 625 3624; x_wconf 84' lang='lat' dir='ltr'>editis</span> <span class='ocrx_word' id='word_1_287' title='bbox 638 3574 764 3639; x_wconf 85' lang='lat' dir='ltr'>visaeque</span> <span class='ocrx_word' id='word_1_288' title='bbox 774 3591 803 3625; x_wconf 93' lang='lat' dir='ltr'>eo</span> <span class='ocrx_word' id='word_1_289' title='bbox 822 3581 932 3641; x_wconf 86' lang='lat' dir='ltr'>tempore</span> <span class='ocrx_word' id='word_1_290' title='bbox 949 3574 1039 3625; x_wconf 87' lang='lat' dir='ltr'>stellae</span> <span class='ocrx_word' id='word_1_291' title='bbox 1057 3574 1160 3624; x_wconf 80' lang='lat' dir='ltr'>crinitae</span> <span class='ocrx_word' id='word_1_292' title='bbox 1177 3574 1263 3625; x_wconf 86' lang='lat' dir='ltr'>deberi</span> <span class='ocrx_word' id='word_1_293' title='bbox 1281 3575 1343 3624; x_wconf 76' lang='lat' dir='ltr'>haee</span> <span class='ocrx_word' id='word_1_294' title='bbox 1358 3572 1411 3621; x_wconf 81' lang='lat' dir='ltr'>scia</span> 
     </span>
     <span class='ocr_line' id='line_1_39' title="bbox 237 3640 1455 3714; baseline 0.001 -25"><span class='ocrx_word' id='word_1_295' title='bbox 237 3641 338 3692; x_wconf 83' lang='lat' dir='ltr'>inventa</span> <span class='ocrx_word' id='word_1_296' title='bbox 355 3656 371 3691; x_wconf 83' lang='lat' dir='ltr'>a</span> <span class='ocrx_word' id='word_1_297' title='bbox 389 3640 503 3705; x_wconf 75' lang='lat' dir='ltr'>Virgilio.</span> <span class='ocrx_word' id='word_1_298' title='bbox 539 3640 592 3693; x_wconf 87' lang='lat' dir='ltr'>Neo</span> <span class='ocrx_word' id='word_1_299' title='bbox 610 3641 759 3692; x_wconf 88' lang='lat' dir='ltr'>haerendum</span> <span class='ocrx_word' id='word_1_300' title='bbox 782 3642 805 3692; x_wconf 89' lang='lat' dir='ltr'>in</span> <span class='ocrx_word' id='word_1_301' title='bbox 829 3659 871 3705; x_wconf 88' lang='lat' dir='ltr'>co,</span> <span class='ocrx_word' id='word_1_302' title='bbox 889 3643 953 3707; x_wconf 86' lang='lat' dir='ltr'>qnod</span> <span class='ocrx_word' id='word_1_303' title='bbox 971 3642 1078 3692; x_wconf 84' lang='lat' dir='ltr'>Acestae</span> <span class='ocrx_word' id='word_1_304' title='bbox 1097 3642 1187 3705; x_wconf 83' lang='lat' dir='ltr'>obtigit</span> <span class='ocrx_word' id='word_1_305' title='bbox 1204 3642 1266 3692; x_wconf 88' lang='lat' dir='ltr'>illud</span> <span class='ocrx_word' id='word_1_306' title='bbox 1284 3649 1410 3692; x_wconf 77' lang='lat' dir='ltr'>ostentum:</span> <span class='ocrx_word' id='word_1_307' title='bbox 1454 3705 1455 3714; x_wconf 17' lang='grc'>1</span> 
     </span>
    </p>
   </div>
   <div class='ocr_carea' id='block_1_3' title="bbox 231 3709 1411 4461">
    <p class='ocr_par' dir='ltr' id='par_1_3' title="bbox 231 3709 1411 4461">
     <span class='ocr_line' id='line_1_40' title="bbox 236 3709 1411 3776; baseline -0.002 -19"><span class='ocrx_word' id='word_1_308' title='bbox 236 3723 292 3757; x_wconf 88' lang='lat' dir='ltr'>narn</span> <span class='ocrx_word' id='word_1_309' title='bbox 310 3716 335 3759; x_wconf 90' lang='lat' dir='ltr'>et</span> <span class='ocrx_word' id='word_1_310' title='bbox 350 3710 404 3776; x_wconf 90' lang='lat' dir='ltr'>ipse</span> <span class='ocrx_word' id='word_1_311' title='bbox 423 3709 547 3761; x_wconf 92' lang='lat' dir='ltr'>Troianus</span> <span class='ocrx_word' id='word_1_312' title='bbox 564 3709 624 3773; x_wconf 84' lang='lat' dir='ltr'>luit,</span> <span class='ocrx_word' id='word_1_313' title='bbox 648 3716 681 3775; x_wconf 86' lang='lat' dir='ltr'>et,</span> <span class='ocrx_word' id='word_1_314' title='bbox 699 3711 722 3760; x_wconf 90' lang='lat' dir='ltr'>id</span> <span class='ocrx_word' id='word_1_315' title='bbox 742 3712 807 3775; x_wconf 90' lang='lat' dir='ltr'>qnod</span> <span class='ocrx_word' id='word_1_316' title='bbox 825 3712 959 3761; x_wconf 79' lang='lat' dir='ltr'>maximum</span> <span class='ocrx_word' id='word_1_317' title='bbox 977 3717 1029 3770; x_wconf 87' lang='lat' dir='ltr'>est,</span> <span class='ocrx_word' id='word_1_318' title='bbox 1053 3717 1188 3761; x_wconf 86' lang='lat' dir='ltr'>evenerunt</span> <span class='ocrx_word' id='word_1_319' title='bbox 1206 3712 1268 3760; x_wconf 82' lang='lat' dir='ltr'>haee</span> <span class='ocrx_word' id='word_1_320' title='bbox 1286 3711 1311 3761; x_wconf 88' lang='lat' dir='ltr'>in</span> <span class='ocrx_word' id='word_1_321' title='bbox 1329 3712 1411 3759; x_wconf 83' lang='lat' dir='ltr'>honore</span> 
     </span>
     <span class='ocr_line' id='line_1_41' title="bbox 234 3774 1411 3844; baseline 0.001 -20"><span class='ocrx_word' id='word_1_322' title='bbox 234 3776 365 3839; x_wconf 84' lang='lat' dir='ltr'>Anchisae,</span> <span class='ocrx_word' id='word_1_323' title='bbox 383 3780 471 3843; x_wconf 90' lang='lat' dir='ltr'>proavi</span> <span class='ocrx_word' id='word_1_324' title='bbox 493 3779 549 3829; x_wconf 86' lang='lat' dir='ltr'>Divi</span> <span class='ocrx_word' id='word_1_325' title='bbox 569 3777 646 3844; x_wconf 78' lang='lat' dir='ltr'>lulitq</span> <span class='ocrx_word' id='word_1_326' title='bbox 680 3774 740 3832; x_wconf 92' lang='grc'>525.</span> <span class='ocrx_word' id='word_1_327' title='bbox 759 3779 861 3830; x_wconf 88' lang='lat' dir='ltr'>Servius</span> <span class='ocrx_word' id='word_1_328' title='bbox 884 3778 988 3843; x_wconf 82' lang='lat' dir='ltr'>„Nubes</span> <span class='ocrx_word' id='word_1_329' title='bbox 1005 3795 1050 3844; x_wconf 89' lang='lat' dir='ltr'>pro</span> <span class='ocrx_word' id='word_1_330' title='bbox 1068 3795 1128 3830; x_wconf 83' lang='lat' dir='ltr'>aere</span> <span class='ocrx_word' id='word_1_331' title='bbox 1162 3779 1241 3841; x_wconf 74' lang='lat' dir='ltr'>osuit3</span> <span class='ocrx_word' id='word_1_332' title='bbox 1260 3778 1340 3828; x_wconf 81' lang='grc'>55155</span> <span class='ocrx_word' id='word_1_333' title='bbox 1358 3777 1411 3827; x_wconf 82' lang='lat' dir='ltr'>eain</span> 
     </span>
     <span class='ocr_line' id='line_1_42' title="bbox 233 3842 1410 3916; baseline 0.003 -23"><span class='ocrx_word' id='word_1_334' title='bbox 233 3844 693 3914; x_wconf 51' lang='grc'>11151155555555515555051</span> <span class='ocrx_word' id='word_1_335' title='bbox 728 3843 788 3898; x_wconf 83' lang='grc'>527.</span> <span class='ocrx_word' id='word_1_336' title='bbox 811 3864 836 3899; x_wconf 88' lang='lat' dir='ltr'>v.</span> <span class='ocrx_word' id='word_1_337' title='bbox 860 3844 890 3911; x_wconf 83' lang='lat'>4,</span> <span class='ocrx_word' id='word_1_338' title='bbox 914 3845 964 3899; x_wconf 83' lang='grc'>705</span> <span class='ocrx_word' id='word_1_339' title='bbox 988 3854 1013 3897; x_wconf 89' lang='lat' dir='ltr'>et</span> <span class='ocrx_word' id='word_1_340' title='bbox 1036 3845 1065 3896; x_wconf 86' lang='lat' dir='ltr'>G.</span> <span class='ocrx_word' id='word_1_341' title='bbox 1090 3845 1116 3908; x_wconf 90' lang='lat'>1,</span> <span class='ocrx_word' id='word_1_342' title='bbox 1172 3845 1213 3916; x_wconf 92' lang='grc'>5.1</span> <span class='ocrx_word' id='word_1_343' title='bbox 1248 3842 1309 3897; x_wconf 91' lang='grc'>534.</span> <span class='ocrx_word' id='word_1_344' title='bbox 1333 3846 1410 3903; x_wconf 70' lang='lat' dir='ltr'>aaut,</span> 
     </span>
     <span class='ocr_line' id='line_1_43' title="bbox 235 3912 1409 3981; baseline 0.003 -20"><span class='ocrx_word' id='word_1_345' title='bbox 235 3913 342 3963; x_wconf 84' lang='lat' dir='ltr'>ostendit</span> <span class='ocrx_word' id='word_1_346' title='bbox 359 3914 400 3961; x_wconf 78' lang='lat' dir='ltr'>his</span> <span class='ocrx_word' id='word_1_347' title='bbox 420 3918 547 3981; x_wconf 79' lang='lat' dir='ltr'>ampictis</span> <span class='ocrx_word' id='word_1_348' title='bbox 564 3932 592 3967; x_wconf 91' lang='grc'>55</span> <span class='ocrx_word' id='word_1_349' title='bbox 609 3916 674 3967; x_wconf 90' lang='lat' dir='ltr'>velle</span> <span class='ocrx_word' id='word_1_350' title='bbox 691 3917 801 3979; x_wconf 81' lang='lat' dir='ltr'>exserti,</span> <span class='ocrx_word' id='word_1_351' title='bbox 825 3917 840 3965; x_wconf 81' lang='lat' dir='ltr'>&#39;a</span> <span class='ocrx_word' id='word_1_352' title='bbox 859 3933 881 3967; x_wconf 86' lang='lat' dir='ltr'>e.</span> <span class='ocrx_word' id='word_1_353' title='bbox 899 3922 971 3966; x_wconf 84' lang='lat' dir='ltr'>extra</span> <span class='ocrx_word' id='word_1_354' title='bbox 988 3923 1082 3965; x_wconf 89' lang='lat' dir='ltr'>sortem</span> <span class='ocrx_word' id='word_1_355' title='bbox 1099 3916 1159 3965; x_wconf 89' lang='lat' dir='ltr'>dato</span> <span class='ocrx_word' id='word_1_356' title='bbox 1177 3931 1198 3965; x_wconf 93' lang='lat' dir='ltr'>s.</span> <span class='ocrx_word' id='word_1_357' title='bbox 1216 3912 1409 3965; x_wconf 76' lang='lat' dir='ltr'>extraordinario</span> 
     </span>
     <span class='ocr_line' id='line_1_44' title="bbox 235 3980 1410 4053; baseline 0.005 -22"><span class='ocrx_word' id='word_1_358' title='bbox 235 3996 264 4031; x_wconf 88' lang='lat' dir='ltr'>ac</span> <span class='ocrx_word' id='word_1_359' title='bbox 281 3981 413 4046; x_wconf 87' lang='lat' dir='ltr'>praecipuo</span> <span class='ocrx_word' id='word_1_360' title='bbox 431 3982 521 4047; x_wconf 88' lang='lat' dir='ltr'>aliquo,</span> <span class='ocrx_word' id='word_1_361' title='bbox 540 3985 631 4035; x_wconf 89' lang='lat' dir='ltr'>honore</span> <span class='ocrx_word' id='word_1_362' title='bbox 648 3991 673 4034; x_wconf 83' lang='lat' dir='ltr'>te</span> <span class='ocrx_word' id='word_1_363' title='bbox 690 3980 778 4050; x_wconf 77' lang='grc'>5111511</span> <span class='ocrx_word' id='word_1_364' title='bbox 810 3981 870 4034; x_wconf 89' lang='grc'>536.</span> <span class='ocrx_word' id='word_1_365' title='bbox 888 3984 919 4035; x_wconf 84' lang='grc'>51.</span> <span class='ocrx_word' id='word_1_366' title='bbox 937 4001 977 4034; x_wconf 88' lang='lat' dir='ltr'>vs.</span> <span class='ocrx_word' id='word_1_367' title='bbox 995 3980 1046 4035; x_wconf 87' lang='grc'>267</span> <span class='ocrx_word' id='word_1_368' title='bbox 1064 3990 1089 4034; x_wconf 88' lang='lat' dir='ltr'>et</span> <span class='ocrx_word' id='word_1_369' title='bbox 1106 4000 1132 4033; x_wconf 89' lang='lat' dir='ltr'>v.</span> <span class='ocrx_word' id='word_1_370' title='bbox 1149 3981 1175 4046; x_wconf 88' lang='grc'>4,</span> <span class='ocrx_word' id='word_1_371' title='bbox 1192 3980 1268 4053; x_wconf 89' lang='grc'>5001</span> <span class='ocrx_word' id='word_1_372' title='bbox 1305 3980 1365 4036; x_wconf 81' lang='grc'>537.</span> <span class='ocrx_word' id='word_1_373' title='bbox 1381 3984 1410 4029; x_wconf 68' lang='lat' dir='ltr'>it</span> 
     </span>
     <span class='ocr_line' id='line_1_45' title="bbox 233 4050 1410 4116; baseline -0.001 -17"><span class='ocrx_word' id='word_1_374' title='bbox 233 4065 268 4099; x_wconf 84' lang='lat' dir='ltr'>m.</span> <span class='ocrx_word' id='word_1_375' title='bbox 286 4065 330 4111; x_wconf 79' lang='lat' dir='ltr'>rra,</span> <span class='ocrx_word' id='word_1_376' title='bbox 347 4050 411 4115; x_wconf 90' lang='lat' dir='ltr'>qnod</span> <span class='ocrx_word' id='word_1_377' title='bbox 430 4057 497 4101; x_wconf 88' lang='lat' dir='ltr'>esset</span> <span class='ocrx_word' id='word_1_378' title='bbox 513 4053 537 4101; x_wconf 93' lang='lat' dir='ltr'>in</span> <span class='ocrx_word' id='word_1_379' title='bbox 555 4067 656 4103; x_wconf 89' lang='lat' dir='ltr'>numero</span> <span class='ocrx_word' id='word_1_380' title='bbox 674 4067 819 4115; x_wconf 79' lang='lat' dir='ltr'>magnorum</span> <span class='ocrx_word' id='word_1_381' title='bbox 836 4068 963 4103; x_wconf 88' lang='lat' dir='ltr'>munerum</span> <span class='ocrx_word' id='word_1_382' title='bbox 981 4052 1127 4102; x_wconf 85' lang='lat' dir='ltr'>habendum.</span> <span class='ocrx_word' id='word_1_383' title='bbox 1145 4078 1179 4087; x_wconf 76' lang='lat'><em>-</em></span> <span class='ocrx_word' id='word_1_384' title='bbox 1199 4050 1354 4116; x_wconf 77' lang='lat' dir='ltr'>Cisseus,</span> <span class='ocrx_word' id='word_1_385' title='bbox 1371 4062 1410 4098; x_wconf 76' lang='lat' dir='ltr'>rex</span> 
     </span>
     <span class='ocr_line' id='line_1_46' title="bbox 234 4116 1411 4188; baseline -0.001 -21"><span class='ocrx_word' id='word_1_386' title='bbox 234 4116 365 4181; x_wconf 84' lang='lat' dir='ltr'>Thraciae,</span> <span class='ocrx_word' id='word_1_387' title='bbox 382 4123 454 4183; x_wconf 87' lang='lat' dir='ltr'>pater</span> <span class='ocrx_word' id='word_1_388' title='bbox 471 4116 610 4173; x_wconf 80' lang='lat' dir='ltr'>Hecubae!</span> <span class='ocrx_word' id='word_1_389' title='bbox 645 4116 704 4169; x_wconf 88' lang='grc'>540.</span> <span class='ocrx_word' id='word_1_390' title='bbox 722 4136 748 4170; x_wconf 93' lang='lat' dir='ltr'>v.</span> <span class='ocrx_word' id='word_1_391' title='bbox 766 4118 791 4181; x_wconf 88' lang='grc'>3,</span> <span class='ocrx_word' id='word_1_392' title='bbox 809 4116 881 4188; x_wconf 73' lang='lat' dir='ltr'>detq</span> <span class='ocrx_word' id='word_1_393' title='bbox 916 4117 975 4172; x_wconf 91' lang='grc'>541.</span> <span class='ocrx_word' id='word_1_394' title='bbox 992 4119 1074 4186; x_wconf 84' lang='lat' dir='ltr'>prael.</span> <span class='ocrx_word' id='word_1_395' title='bbox 1094 4121 1200 4181; x_wconf 70' lang='grc'>155551,</span> <span class='ocrx_word' id='word_1_396' title='bbox 1224 4120 1317 4187; x_wconf 86' lang='lat' dir='ltr'>qnippe</span> <span class='ocrx_word' id='word_1_397' title='bbox 1340 4117 1411 4185; x_wconf 83' lang='lat' dir='ltr'>ipsius</span> 
     </span>
     <span class='ocr_line' id='line_1_47' title="bbox 233 4180 1410 4259; baseline 0.001 -22"><span class='ocrx_word' id='word_1_398' title='bbox 233 4185 519 4253; x_wconf 88' lang='lat' dir='ltr'>honaripraelatusest</span> <span class='ocrx_word' id='word_1_399' title='bbox 537 4188 760 4259; x_wconf 74' lang='grc'>1555515551551</span> <span class='ocrx_word' id='word_1_400' title='bbox 795 4184 854 4239; x_wconf 82' lang='lat'>543.</span> <span class='ocrx_word' id='word_1_401' title='bbox 879 4205 904 4239; x_wconf 88' lang='lat' dir='ltr'>v.</span> <span class='ocrx_word' id='word_1_402' title='bbox 926 4180 964 4240; x_wconf 81' lang='lat' dir='ltr'>v&#39;s.</span> <span class='ocrx_word' id='word_1_403' title='bbox 990 4184 1062 4255; x_wconf 74' lang='grc'>601</span> <span class='ocrx_word' id='word_1_404' title='bbox 1096 4183 1243 4239; x_wconf 87' lang='grc'>545-603.</span> <span class='ocrx_word' id='word_1_405' title='bbox 1267 4188 1410 4240; x_wconf 76' lang='lat' dir='ltr'>Ludicrum</span> 
     </span>
     <span class='ocr_line' id='line_1_48' title="bbox 236 4251 1411 4322; baseline -0.002 -16"><span class='ocrx_word' id='word_1_406' title='bbox 236 4251 352 4317; x_wconf 76' lang='lat' dir='ltr'>Troica!</span> <span class='ocrx_word' id='word_1_407' title='bbox 386 4251 445 4307; x_wconf 87' lang='grc'>545.</span> <span class='ocrx_word' id='word_1_408' title='bbox 464 4258 526 4305; x_wconf 81' lang='lat' dir='ltr'>cart.</span> <span class='ocrx_word' id='word_1_409' title='bbox 543 4270 588 4318; x_wconf 79' lang='lat' dir='ltr'>m,</span> <span class='ocrx_word' id='word_1_410' title='bbox 605 4256 752 4306; x_wconf 86' lang='lat' dir='ltr'>certantium</span> <span class='ocrx_word' id='word_1_411' title='bbox 770 4270 800 4305; x_wconf 87' lang='lat' dir='ltr'>ac</span> <span class='ocrx_word' id='word_1_412' title='bbox 817 4257 979 4322; x_wconf 79' lang='lat' dir='ltr'>spectantium</span> <span class='ocrx_word' id='word_1_413' title='bbox 997 4265 1039 4308; x_wconf 84' lang='lat' dir='ltr'>tur</span> <span class='ocrx_word' id='word_1_414' title='bbox 1056 4271 1072 4305; x_wconf 85' lang='lat' dir='ltr'>a</span> <span class='ocrx_word' id='word_1_415' title='bbox 1090 4256 1200 4306; x_wconf 86' lang='lat' dir='ltr'>dimissa.</span> <span class='ocrx_word' id='word_1_416' title='bbox 1214 4284 1246 4293; x_wconf 96' lang='lat'>-</span> <span class='ocrx_word' id='word_1_417' title='bbox 1259 4256 1411 4308; x_wconf 77' lang='lat' dir='ltr'>Describitur</span> 
     </span>
     <span class='ocr_line' id='line_1_49' title="bbox 232 4322 1411 4392; baseline 0.001 -17"><span class='ocrx_word' id='word_1_418' title='bbox 232 4330 314 4375; x_wconf 81' lang='lat' dir='ltr'>antem</span> <span class='ocrx_word' id='word_1_419' title='bbox 338 4338 469 4392; x_wconf 86' lang='lat' dir='ltr'>puerorum</span> <span class='ocrx_word' id='word_1_420' title='bbox 492 4324 515 4373; x_wconf 92' lang='lat' dir='ltr'>in</span> <span class='ocrx_word' id='word_1_421' title='bbox 539 4323 608 4388; x_wconf 91' lang='lat' dir='ltr'>equis</span> <span class='ocrx_word' id='word_1_422' title='bbox 632 4325 794 4387; x_wconf 82' lang='lat' dir='ltr'>concertatio,</span> <span class='ocrx_word' id='word_1_423' title='bbox 821 4326 863 4390; x_wconf 89' lang='lat' dir='ltr'>qui</span> <span class='ocrx_word' id='word_1_424' title='bbox 887 4325 960 4376; x_wconf 86' lang='lat' dir='ltr'>ludus</span> <span class='ocrx_word' id='word_1_425' title='bbox 986 4331 1073 4391; x_wconf 86' lang='lat' dir='ltr'>postea</span> <span class='ocrx_word' id='word_1_426' title='bbox 1100 4322 1178 4375; x_wconf 78' lang='lat' dir='ltr'>Troia</span> <span class='ocrx_word' id='word_1_427' title='bbox 1202 4325 1346 4391; x_wconf 85' lang='lat' dir='ltr'>appellatus</span> <span class='ocrx_word' id='word_1_428' title='bbox 1369 4330 1411 4383; x_wconf 77' lang='lat' dir='ltr'>est,</span> 
     </span>
     <span class='ocr_line' id='line_1_50' title="bbox 231 4389 1410 4461; baseline -0.002 -18"><span class='ocrx_word' id='word_1_429' title='bbox 231 4399 341 4445; x_wconf 81' lang='lat' dir='ltr'>retentus</span> <span class='ocrx_word' id='word_1_430' title='bbox 360 4394 410 4458; x_wconf 89' lang='lat' dir='ltr'>diu,</span> <span class='ocrx_word' id='word_1_431' title='bbox 431 4398 460 4443; x_wconf 89' lang='lat' dir='ltr'>ut</span> <span class='ocrx_word' id='word_1_432' title='bbox 477 4408 492 4442; x_wconf 88' lang='lat' dir='ltr'>a</span> <span class='ocrx_word' id='word_1_433' title='bbox 510 4392 580 4443; x_wconf 81' lang='lat' dir='ltr'>Sulla</span> <span class='ocrx_word' id='word_1_434' title='bbox 598 4389 748 4459; x_wconf 74' lang='grc'>(1155051.</span> <span class='ocrx_word' id='word_1_435' title='bbox 766 4393 823 4443; x_wconf 90' lang='lat' dir='ltr'>min.</span> <span class='ocrx_word' id='word_1_436' title='bbox 834 4391 875 4461; x_wconf 85' lang='lat'>3),</span> <span class='ocrx_word' id='word_1_437' title='bbox 901 4392 980 4443; x_wconf 86' lang='lat' dir='ltr'>alul.</span> <span class='ocrx_word' id='word_1_438' title='bbox 1000 4393 1109 4444; x_wconf 89' lang='lat' dir='ltr'>Caesare</span> <span class='ocrx_word' id='word_1_439' title='bbox 1127 4392 1238 4458; x_wconf 87' lang='lat' dir='ltr'>(Sueten.</span> <span class='ocrx_word' id='word_1_440' title='bbox 1256 4410 1278 4443; x_wconf 89' lang='lat' dir='ltr'>c.</span> <span class='ocrx_word' id='word_1_441' title='bbox 1297 4391 1357 4461; x_wconf 87' lang='grc'>39),</span> <span class='ocrx_word' id='word_1_442' title='bbox 1383 4392 1410 4441; x_wconf 79' lang='lat' dir='ltr'>ab</span> 
     </span>
    </p>
   </div>
   <div class='ocr_carea' id='block_1_4' title="bbox 0 0 1476 4975">
    <p class='ocr_par' dir='ltr' id='par_1_4' title="bbox 0 0 1476 4975">
     <span class='ocr_line' id='line_1_51' title="bbox 0 0 1476 4975; baseline 0 2"><span class='ocrx_word' id='word_1_443' title='bbox 0 0 1476 4975; x_wconf 95' lang='lat' dir='ltr'> </span> 
     </span>
    </p>
   </div>
  </div>
 </body>
</html>
