2942 4975
199 354 264 422 tle
572 356 615 420 P:
629 354 795 422 VIRGILI
815 354 1007 420 manente

286 541 356 619 Qua
377 548 516 624 temptet
537 542 662 608 ratione
685 541 804 620 aditus,
827 545 861 607 et
882 560 968 625 quae
986 542 1038 607 ria
1060 543 1185 609 clausos

285 627 437 693 Excutiat
459 629 599 694 Teucros
622 626 706 693 vallo
729 632 827 709 atque
849 626 993 693 effundat
1013 628 1046 692 in
1070 647 1217 711 aequum.

287 713 441 793 Classem,
463 731 545 795 quae
568 713 662 779 lateri
685 717 862 778 castrorum
884 712 1034 779 adiuncta
1055 714 1187 796 latebat,

223 797 265 862 70
285 798 466 881 Aggeribus
488 804 632 881 saeptam
654 798 774 863 circum
797 802 832 863 et
851 796 1032 865 fluuialibus
1054 799 1157 879 undis,

285 884 424 963 Invadit,
447 884 613 966 sociosque
635 882 783 949 incendia
804 884 909 965 poscit
930 885 1064 963 uranus,

285 971 392 1052 Atque
413 986 543 1035 manum
564 970 641 1051 pinu
664 968 813 1051 flagranti
835 968 977 1034 fervidus
998 969 1111 1051 inplet

287 1054 367 1119 Tum
389 1072 465 1120 vero
487 1054 688 1133 incumbunt3
710 1058 829 1136 urguet
849 1055 1034 1137 praesentia
1055 1055 1168 1135 Turni3

284 1142 392 1221 Atque
415 1140 516 1205 omnis
538 1138 660 1205 facibus
681 1140 783 1222 pubes
806 1139 984 1221 accingitur
1004 1140 1092 1205 atris.

223 1222 264 1289 75
285 1225 456 1307 Diripuere
478 1223 579 1304 ieces3
602 1225 727 1306 piceum
749 1223 815 1289 lert
834 1222 958 1290 fumida
978 1227 1087 1290 lumen

287 1310 397 1377 Taeda
419 1315 453 1375 et
474 1311 678 1375 commixtam
699 1310 863 1375 Volcanus
883 1310 924 1375 ad
945 1315 1034 1375 astra
1055 1309 1204 1376 favillam.

372 1395 449 1473 Quis
472 1396 563 1475 deus,
586 1414 604 1465 e
627 1395 752 1474 Musae,
775 1400 843 1461 tam
865 1414 962 1460 saeva
982 1396 1130 1464 incendia
1152 1396 1287 1463 Teucris

286 1479 433 1545 Avertit?
467 1485 576 1546 tantos
597 1481 721 1547 ratibus
743 1480 815 1562 quis
838 1481 962 1563 depulit
982 1481 1087 1563 ignis?

286 1565 400 1631 Dicite.
445 1566 554 1631 Prisca
575 1564 655 1631 fides
677 1565 776 1645 iacto,
798 1566 857 1631 sed
878 1564 964 1631 fama
984 1565 1144 1648 perennis.

223 1647 265 1713 80
288 1650 445 1735 Tempore
468 1670 530 1733 quo
552 1652 689 1733 primum
711 1651 852 1733 Phrygia
872 1650 1032 1717 formabat
1052 1652 1086 1716 in
1107 1651 1167 1717 Ida

286 1737 412 1802 Aeneas
434 1736 570 1803 classem
593 1742 626 1801 et
647 1736 754 1818 pelagi
776 1741 888 1819 petere
911 1737 977 1802 elta
998 1736 1143 1819 parabat,

286 1821 362 1903 Ipsa
384 1823 479 1887 deum
500 1820 606 1887 fertur
628 1822 774 1903 genetrix
795 1822 989 1904 Berecyntia
1011 1840 1162 1904 magnum
1225 1845 1229 1855 ·

286 1906 426 1973 Vocibus
448 1906 497 1972 his
520 1906 629 1972 adfata
650 1906 772 1972 Iovem:
799 1907 861 1985 Da,
884 1912 974 1989 nate,
996 1908 1130 1990 petenti,

288 1990 380 2068 Quod
402 1996 459 2057 tua
481 2010 555 2057 cara
576 2010 693 2074 parens
716 1992 837 2059 domito
858 1997 893 2058 te
915 1994 1022 2075 poscit
1042 1993 1187 2075 Olympo.
1288 2002 1291 2008 '

224 2075 265 2141 85
287 2076 388 2143 Pinea
409 2077 489 2142 silva
509 2076 600 2157 mihi,
622 2078 740 2143 multos
763 2078 883 2143 dilecta
902 2096 962 2160 per
983 2097 1099 2158 annes3
1178 2072 1182 2082 ’

286 2162 392 2228 Lucus
414 2163 447 2227 in
471 2180 544 2228 arce
567 2162 628 2227 iuit
649 2182 787 2242 summa,
809 2182 873 2245 quo
896 2182 988 2228 sacra
1009 2162 1165 2244 ferebant,

286 2247 435 2329 Nigranti
456 2248 549 2331 picea
571 2248 779 2329 trabibusque
800 2249 954 2314 obscurus
978 2249 1115 2314 acernis:

286 2332 353 2399 Has
376 2352 435 2417 ego
459 2334 620 2399 Dardanio
642 2333 763 2413 iuveni,
787 2352 859 2400 cum
882 2334 991 2399 elassis
1015 2339 1134 2416 egeret,

286 2418 390 2485 Laeta
411 2420 497 2500 dedi;
520 2439 605 2485 nunc
627 2419 797 2485 sollicitam
819 2418 917 2484 timer
940 2419 1052 2485 anxius
1074 2418 1172 2502 angit

223 2503 265 2568 90
287 2503 383 2570 Solve
405 2512 522 2586 metus,
545 2510 641 2587 atque
663 2506 724 2570 hoc
745 2505 894 2587 precibus
917 2506 985 2571 sine
1007 2524 1102 2588 pesse
1123 2508 1303 2588 parentem,

286 2590 358 2654 Neu
381 2610 476 2656 cursu
498 2596 667 2673 quassatae
690 2591 756 2656 ullo
779 2610 843 2656 neu
864 2591 993 2656 turbine
1014 2591 1103 2656 venti

285 2675 477 2755 vincentum
499 2676 603 2758 prosit
624 2675 743 2741 nostris
764 2676 798 2741 in
819 2677 982 2742 montibus
1004 2682 1101 2742 ortas

286 2760 387 2825 Filius
409 2761 483 2825 huic
506 2766 630 2840 centra,
653 2765 785 2842 torquet
806 2761 861 2843 qui
883 2761 990 2827 sidera
1010 2761 1134 2827 mundi:

287 2845 314 2910 Ο
338 2845 496 2928 genetrix,
520 2864 582 2928 que
604 2845 672 2910 fata
693 2847 810 2910 vocas?
844 2852 902 2912 aut
922 2847 999 2928 quid
1020 2847 1104 2930 petis
1125 2845 1219 2912 istis?

200 3020 225 3085 2,
248 3019 289 3092 4,Ι
324 3019 357 3074 el
376 3040 412 3089 sq.
438 3027 463 3074 el
487 3021 527 3090 (si
551 3024 659 3076 aditus
684 3039 742 3074 non
767 3024 874 3093 detur)
897 3041 965 3091 quae
986 3029 1029 3078 via
1052 3023 1183 3077 Excutiat
1207 3022 1250 3086 9.,
1276 3040 1323 3091 pro
1347 3040 1386 3088 ee,

201 3091 265 3156 qnod
288 3091 365 3155 vulgo
397 3094 500 3144 dieitur:
535 3106 584 3158 qua
610 3093 652 3143 viu
679 3091 741 3159 (quo
766 3093 853 3159 modo)
880 3094 1042 3146 excutiantur
1072 3094 1114 3144 vel
1146 3094 1230 3144 excuti
1263 3091 1385 3159 possint!

200 3152 235 3210 69
254 3175 289 3226 sq.
308 3159 372 3211 Puta
391 3163 453 3212 hanc
471 3160 549 3211 luisse
568 3159 678 3212 locorum
695 3151 796 3213 inciam:

271 3263 431 3353 ΓΠ
454 3245 508 3361 ‘',t
521 3229 994 3350 ‘leitil’tlstttllittlbt
1007 3230 1029 3364 i
1039 3228 1281 3349 “iiiiiibdi‘i
1296 3231 1386 3365 'salii

212 3297 381 3454 ae‘fif'ffffl
455 3361 496 3416 75.
508 3366 602 3431 socos,
626 3314 680 3417 silio
703 3382 765 3432 quos
788 3367 873 3417 Rutuli
897 3337 1022 3434 eatemplo
1046 3313 1241 3429 exstrzxerunt,
1266 3335 1323 3417 sive
1345 3335 1386 3431 qui

242 3419 254 3455 δ
286 3433 317 3495 ‘p
456 3433 556 3485 fuerunt
573 3435 596 3484 in
615 3435 757 3501 propinquis
774 3436 845 3486 vicis.
863 3461 898 3474 ··-
911 3440 1026 3502 piceum,
1045 3449 1069 3485 v.
1088 3433 1114 3497 6,
1131 3430 1219 3503 59911
1255 3432 1385 3485 'le-122.

456 3504 486 3554 la
504 3507 579 3554 tante
597 3503 750 3554 discrimina
769 3503 856 3569 opleto
878 3519 959 3554 naues
983 3506 1108 3555 conuerti
1123 3506 1151 3552 in
1169 3503 1234 3553 decc
1250 3506 1385 3554 marinae.

199 3593 233 3604 -
249 3566 308 3634 ipsa
330 3571 461 3622 cenversio
484 3572 585 3622 camum
607 3572 688 3621 vetari
711 3571 778 3622 famu
800 3572 978 3623 celebrabatur
1000 3573 1065 3637 apud
1088 3572 1229 3628 Reseranda
1251 3573 1387 3622 crematio

199 3636 236 3684 rei
261 3639 382 3690 tribuitur
404 3639 499 3704 Musis,
520 3647 634 3691 veterum
657 3639 869 3705 obscurarumque
893 3655 977 3690 rerum
999 3641 1087 3690 nodtia
1108 3640 1266 3690 accuratiore
1293 3640 1389 3708 imper·

199 3703 319 3756 tientibus
337 3708 431 3759 animos
454 3706 608 3778 poetarum!
643 3705 684 3759 79.
708 3709 803 3759 Petere
871 3711 1007 3775 perennis:
1032 3708 1091 3757 iacti
1114 3708 1187 3759 buius
1211 3709 1386 3774 antiquissima

199 3777 239 3820 est
255 3772 332 3838 fides,
349 3782 375 3826 et
391 3778 515 3842 potuisset
532 3777 592 3826 vitio
610 3777 745 3826 vetustatis
761 3777 883 3844 intercipi,
902 3778 947 3827 sed
964 3776 1032 3826 ferna
1048 3791 1104 3827 eam
1120 3791 1165 3842 per
1182 3791 1268 3827 omnes
1286 3783 1389 3827 aetates

199 3843 355 3905 propagavit.
392 3845 433 3894 Sic
451 3841 654 3902 loremarius!
689 3841 731 3895 81.
750 3856 775 3896 v.
794 3841 870 3914 061
903 3841 945 3895 81.
964 3861 989 3895 v.
1001 3842 1028 3907 6,
1041 3840 1099 3894 785.
1129 3844 1173 3896 lde
1191 3860 1290 3910 quoque
1309 3859 1386 3894 sam

199 3906 334 3974 Cybelae!
368 3909 410 3963 84.
428 3912 494 3963 donc.
511 3913 622 3980 Olprnpo,
641 3927 701 3976 ergo
719 3926 775 3963 cum
793 3914 828 3963 sis
847 3910 946 3964 domitis
961 3912 1092 3963 litonibus
1111 3927 1157 3962 rex
1170 3912 1271 3981 Olympi
1288 3914 1387 3979 possis-

200 3989 246 4040 que
265 3978 369 4036 emnia!
403 3979 437 4032 85
456 3995 508 4046 sqq.
536 3981 613 4031 Pinea
636 3981 701 4031 silva
722 3981 780 4031 mihi
803 3987 844 4031 est
867 3982 891 4031 in
916 3981 976 4045 lua,
1000 3981 1071 4032 etin
1096 3982 1196 4031 vertice
1215 3983 1312 4043 (arce)
1329 3982 1387 4032 eius

199 4045 289 4095 mentis
307 4046 378 4097 lucus
397 4047 443 4098 luit
460 4050 535 4114 piceis
554 4050 718 4114 uberibusque
730 4050 849 4100 consitus.
881 4049 914 4100 Et
925 4049 1042 4114 aitjieit,
1060 4050 1117 4113 quia
1134 4049 1185 4098 iam
1201 4063 1292 4099 caesum
1310 4055 1387 4100 crunt

199 4127 245 4162 eae
262 4114 368 4165 arbores
386 4115 418 4165 ab
435 4118 535 4178 Aenee3
547 4118 677 4181 serebant
693 4124 786 4179 numm,
805 4133 839 4168 sc.
859 4119 936 4168 donec
954 4119 1040 4168 stabat
1057 4114 1157 4185 Troia!
1191 4114 1233 4167 89.
1252 4117 1302 4167 dlii
1318 4132 1385 4168 ana.

200 4187 307 4246 urguet.
326 4181 461 4247 Lueret3,
472 4181 539 4236 1006
557 4183 654 4250 „Quem
666 4186 783 4235 volueres
802 4186 915 4236 lacerant
926 4193 1002 4252 atque
1019 4193 1092 4238 exest
1109 4188 1232 4236 cneius
1250 4188 1386 4250 angor.“

200 4250 250 4300 Cio.
270 4251 345 4301 Tusc.
362 4250 389 4315 4,
407 4249 440 4302 12
458 4253 564 4316 „Differt
583 4255 742 4304 ancletus
759 4255 792 4302 ob
811 4270 944 4318 angerem
967 4254 1124 4319 nequeenim
1143 4267 1228 4303 omnes
1246 4253 1326 4317 anxii,
1343 4255 1385 4319 qui

198 4327 322 4384 armetur
345 4320 493 4387 aliquando,
516 4337 574 4384 ecc,
596 4322 636 4386 qui
655 4322 738 4384 anxii,
761 4336 859 4388 semper
881 4324 1048 4386 unguntum
1082 4319 1124 4373 93.
1143 4337 1168 4373 v.
1186 4318 1212 4384 4,
1229 4319 1305 4390 2694
1342 4320 1384 4372 94„

197 4389 291 4452 quos.
316 4405 353 4439 a:
377 4391 503 4454 ‚petendit
528 4390 580 4442 ieta
603 4405 676 4456 pesse
704 4391 861 4455 aliquatenus
888 4392 970 4454 trabi,
996 4407 1043 4440 nen
1067 4395 1149 4440 umen
1177 4389 1385 4456 usquequaque.“
