2942 4975
449 232 664 300 AENEIDOS
685 235 767 301 LIB.
788 236 859 301 VII.
891 228 895 241 '

151 416 340 487 Luctifioam
360 419 486 490 allecto
509 420 651 487 dirarum
671 421 712 487 ab
733 422 811 489 sede
833 424 966 489 dearum

58 502 129 571 325
151 503 353 586 Infernisque
375 504 439 572 ciet
461 506 618 585 tenebris,
640 508 692 572 cni
712 506 819 573 tristia
841 508 926 574 bella

150 589 286 671 Iraeque
307 590 507 674 insidiaeque
530 596 563 657 et
586 591 718 657 crimina
739 593 834 658 noxia
856 593 953 659 cordi.

153 673 230 740 Odit
251 675 375 757 etipse
397 681 490 757 pater
511 676 643 756 Pluton,
666 678 763 743 odere
785 690 912 743 sorores

153 760 327 826 Tartareae
348 766 542 827 monstrum:
565 766 615 827 tot
635 780 708 827 sese
727 762 828 827 vertit
849 764 882 827 in
905 781 970 845 ora,
1017 770 1026 789 ⁶

153 845 231 910 Tam
253 863 368 911 saeuae
390 845 501 925 facies,
523 851 574 912 tot
594 847 732 929 pullulat
755 852 825 913 atra
847 848 994 915 colubris.

60 930 131 997 330
154 930 255 1007 Quam
275 931 357 1000 Iuno
380 930 429 997 his
451 933 539 997 acuit
560 932 665 997 verbis
687 950 724 997 ac
747 932 825 999 talia
846 932 947 998 fatur:
1092 979 1100 996 .

151 1016 245 1081 Hunc
266 1016 344 1081 mihi
366 1018 408 1081 da
428 1017 605 1100 proprium,
626 1018 716 1100 virgo
739 1022 811 1083 sata
831 1019 948 1098 Nocte,
969 1018 1121 1100 laborem,

151 1100 243 1166 Hanc
267 1115 410 1184 operat,
431 1120 473 1167 ne
492 1108 606 1169 noster
626 1102 729 1167 honos
750 1102 928 1169 infractave
951 1104 1045 1171 cedat

151 1186 250 1251 Fama
271 1186 355 1265 loco,
377 1206 440 1252 neu
462 1187 628 1253 connubiis
649 1188 770 1253 amone
792 1188 943 1254 Latinum

151 1272 323 1337 Aeneadae
344 1272 481 1354 possint,
502 1273 644 1339 Italosve
666 1272 815 1339 obndere
836 1272 917 1339 finis.

60 1356 128 1422 335
152 1357 203 1423 Tu
223 1361 316 1439 potes
338 1357 505 1423 unanimos
527 1376 653 1425 minare
672 1358 707 1422 in
727 1358 853 1440 proelia
873 1358 991 1425 iratres

151 1441 259 1523 Atque
281 1442 361 1507 odiis
383 1461 511 1508 versam
535 1443 659 1523 domos,
682 1448 718 1508 tu
740 1444 876 1509 verbera
897 1444 993 1509 tectis

151 1527 379 1609 Funereasque
400 1527 520 1593 inferre
542 1527 641 1607 feces,
663 1529 723 1594 tibi
744 1530 874 1594 nomina
894 1529 992 1608 mille,

151 1610 243 1677 Mille
264 1613 401 1677 nocendi
423 1618 518 1679 artes.
560 1613 747 1679 Fecundum
770 1619 904 1679 concute
926 1619 1048 1696 pectus,

151 1697 275 1762 Dissice
298 1698 495 1779 conpositam
516 1717 642 1781 pacem,
663 1718 737 1765 sere
759 1699 891 1765 crimina
912 1699 1002 1778 belli,

62 1782 130 1847 340
151 1784 250 1849 mma
270 1784 351 1848 velit
370 1787 545 1865 poscatque
567 1784 661 1849 simul
683 1785 852 1867 rapiatque
873 1784 1030 1851 iuventus.

232 1868 315 1933 Exin
338 1868 517 1951 Gorgoneis
539 1870 666 1935 Allecto
686 1869 808 1935 iniecta
828 1870 961 1935 venenis

152 1952 313 2035 Principio
335 1954 464 2019 Latium
486 1958 520 2019 et
540 1954 711 2021 Laurentis
734 1960 822 2021 tecta
843 1955 971 2037 tyranni
1014 1994 1020 2011 .

153 2038 246 2103 Celsa
266 2039 362 2121 petit,
384 2039 582 2122 tacitumque
604 2040 731 2105 obsedit
751 2041 849 2105 limen
870 2041 1015 2119 Amatae,

153 2122 255 2201 Quam
277 2142 374 2206 super
394 2125 535 2191 adventu
558 2125 718 2191 Teucrum
741 2125 904 2206 Turnique
927 2124 1112 2207 hymenaeis

63 2207 131 2274 345
151 2208 323 2275 Femineae
344 2210 512 2276 ardentem
535 2228 694 2293 curaeque
716 2210 848 2292 iraeque
871 2210 1060 2291 coquebant.

151 2293 236 2361 Huic
258 2295 320 2361 dea
342 2295 497 2361 caeruleis
519 2315 618 2361 unum
640 2296 681 2361 de
704 2296 844 2361 crinibus
867 2313 1004 2377 anguem

62 2555 184 2626 heleq
220 2557 508 2628 tieemsoeoromq
542 2557 602 2614 327.
626 2575 651 2610 v.
675 2561 704 2612 E.
728 2555 812 2624 4,6.Ι
846 2558 906 2614 328.
925 2554 1151 2627 cf.vs.415sq.1
1185 2546 1258 2608 331.'

61 2631 213 2695 proprium,
236 2629 305 2679 cuius
329 2627 411 2680 iruelu
428 2631 483 2695 ipsa
500 2629 555 2680 sola
572 2631 702 2694 gaudeam.
737 2629 793 2682 Non
819 2631 880 2695 petit
897 2628 957 2680 luno
976 2628 1041 2690 aliis,
1059 2628 1102 2678 sed
1120 2626 1167 2676 sihi
1185 2626 1245 2688 soli3

65 2696 134 2762 quod
151 2703 233 2747 autem
251 2698 287 2748 ila
304 2698 424 2764 petimus,
441 2697 466 2748 id
484 2704 509 2749 et
527 2698 659 2749 instantius
676 2699 790 2765 petimus,
808 2705 840 2760 et,
858 2699 880 2748 si
897 2699 987 2762 datur,
1003 2695 1172 2760 gratissimum
1190 2709 1246 2745 esse
1261 2724 1272 2743 .

64 2765 183 2815 solet-
196 2767 308 2822 morem
368 2780 482 2831 operum,
499 2766 611 2819 laborem
628 2768 735 2833 positum
749 2767 861 2832 inopere
875 2763 984 2834 (gratia)
1000 2764 1057 2815 mihi
1069 2759 1246 2830 praestandae!

64 2830 127 2885 332.
144 2834 225 2900 iasa,
242 2849 267 2884 v.
281 2830 323 2898 12,
335 2831 403 2885 1.-
415 2835 504 2886 cedere
516 2833 568 2886 mco
584 2836 683 2902 proprie
699 2835 790 2886 dieitur
807 2835 934 2898 gladiator
950 2833 991 2884 vel
1008 2831 1086 2895 mdes,
1105 2832 1147 2897 qui
1163 2845 1246 2898 pugna

66 2901 171 2953 inferior
192 2908 245 2963 est;
267 2917 315 2965 „ue
340 2904 417 2953 honos
439 2917 470 2952 se
493 2902 560 2953 fama
581 2920 636 2955 mea
657 2920 704 2955 uou
727 2910 831 2954 tueatur
853 2904 931 2954 locum
955 2916 1040 2964 suum,
1063 2917 1083 2951 s.
1107 2916 1138 2950 ne
1155 2916 1184 2950 se
1200 2915 1247 2950 non

65 2968 232 3042 susfiueutf‘l
266 2965 324 3022 333.
343 2972 447 3021 conani.
466 2973 534 3023 amb.
553 2971 627 3035 aaa,
650 2979 679 3023 ut
698 2973 763 3038 apud
787 2971 847 3022 Tac.
871 2971 953 3022 Germ.
973 2967 1007 3021 18
1029 2969 1131 3035 ‚epuuoh
1156 2969 1197 3034 qui
1215 2967 1246 3018 ob

64 3039 219 3090 nobilitatem
236 3038 348 3104 plurimis
364 3039 457 3105 nuptiis
473 3035 654 3111 ambiuntur.“{
688 3036 748 3092 334.
767 3041 918 3100 Aeneadae,
936 3039 1001 3106 quod
1019 3052 1066 3088 uon
1084 3037 1131 3088 soli
1147 3039 1247 3088 Aeneus

65 3107 157 3158 coniux
179 3107 286 3173 petitur,
308 3108 352 3157 sed
373 3108 413 3157 ius
435 3108 548 3159 connubii
570 3109 680 3160 omnibus
703 3102 841 3174 Troianis}
872 3103 933 3158 336.
959 3121 1082 3170 ansere,
1108 3106 1248 3168 mogiane,

65 3177 224 3244 perturbare
242 3202 275 3214 -
293 3177 433 3226 cerbero
451 3177 565 3226 oriuntur
582 3193 596 3227 e
614 3177 675 3227 rixis
693 3175 873 3240 discordiisque
891 3175 1045 3237 domesticis,
1070 3172 1247 3225 everherihus

65 3244 157 3295 caedes
174 3249 199 3294 et
218 3242 331 3298 funeral
364 3240 424 3294 337.
441 3260 487 3325 pro
504 3246 723 3366 canonicatum,
740 3259 787 3311 que
804 3245 906 3309 quisque
917 3250 973 3295 erat
985 3244 1056 3304 deus,
1073 3241 1151 3292 variis
1163 3213 1263 3307 appel-⁰

64 3313 170 3363 labatur
187 3313 334 3374 nominihus,
352 3311 549 3380 πολυωνυμος.
638 3313 716 3364 multa
735 3311 887 3376 singulorum
906 3314 1008 3364 deornm
1026 3311 1123 3361 nornine
1147 3322 1247 3358 coacer-

64 3387 128 3431 vata
146 3381 311 3446 deprehendes
328 3381 352 3431 in
371 3381 473 3448 llymnis
491 3381 613 3447 Orphica,
630 3388 660 3431 ut
676 3382 700 3431 in
718 3377 812 3431 LXIX.
831 3395 877 3446 sq,
896 3381 936 3448 qui
955 3379 1041 3446 scripti
1058 3386 1116 3430 suut
1134 3378 1156 3427 in
1177 3377 1247 3443 ipsas

64 3447 223 3500 Eumenidas.
258 3447 405 3516 Pomponius
423 3450 482 3500 Sah.
508 3457 586 3514 „quot
608 3456 665 3500 sunt
682 3449 761 3510 male,
786 3454 825 3498 tot
848 3455 906 3499 suut
928 3448 993 3499 illius
1016 3437 1151 3508 naminu.“!
1186 3441 1246 3496 338.

58 3517 118 3584 sec.
137 3533 206 3567 conc.
222 3531 262 3583 p,
284 3517 367 3569 excite
395 3518 502 3567 auianum
520 3520 552 3568 sd
570 3519 714 3568 invenienda
731 3517 834 3568 consiliu
852 3511 1003 3569 iocundum!
1037 3511 1096 3566 339.
1114 3513 1249 3564 Dissicere

65 3587 168 3651 antique
185 3600 230 3651 pro
248 3585 380 3636 dissecare
398 3587 526 3647 dixerunt3
545 3587 581 3636 sic
597 3587 669 3637 multi
686 3586 744 3636 libri
761 3601 819 3635 mss.
832 3581 881 3648 12,
898 3581 950 3636 308
968 3583 1095 3648 ‚,socuri
1113 3580 1246 3634 frontem

64 3660 266 3718 mentumque
283 3655 440 3705 dissicit.“
461 3654 544 3706 Plaut.
556 3650 710 3718 damete
726 3654 901 3719 „elephantum
917 3654 1081 3704 machaera
1099 3651 1247 3704 dissicit.“

65 3723 213 3773 Lautumias
237 3737 333 3788 quoque
356 3722 416 3774 lost.
439 3721 464 3786 2,
483 3719 544 3786 7,8
566 3722 650 3789 „Cape
673 3723 750 3786 igitur
775 3723 837 3771 hane
861 3727 940 3772 cotem
964 3735 1066 3786 eamque
1090 3720 1247 3770 novacula

66 3791 220 3842 dissice.“
243 3789 285 3851 (ci.
303 3790 359 3841 Liv.
383 3790 407 3856 l,
430 3788 483 3854 36.)
533 3787 593 3842 340.
615 3806 664 3842 uno
687 3791 823 3854 eademque
844 3796 955 3855 tempore
975 3795 1000 3839 et
1022 3787 1106 3854 cupiet
1128 3802 1198 3838 arma
1221 3795 1249 3838 et

65 3865 156 3926 poem
174 3866 199 3909 et
215 3860 308 3925 rapiet
371 3794 517 3911 341-403.
535 3860 659 3910 Prienam
669 3859 770 3910 Allecto
781 3859 871 3922 surich
883 3859 967 3925 inficit
978 3860 1117 3920 Amatam,
1133 3871 1248 3908 umorem

64 3929 162 3979 natos
177 3923 274 3994 regal
342 3926 366 3979 1.
386 3927 464 3993 Gorg.
483 3929 533 3994 ias.
552 3943 605 3978 verr.
697 3927 786 3988 teins,
805 3933 833 3976 ut
851 3921 974 3990 Gorgonis
992 3925 1123 3987 Medusae,
1147 3937 1248 3991 serpen·

64 4208 91 4253 et
102 4208 192 4252 versat
203 4202 249 4252 suh
261 4207 361 4267 pectore
371 4202 448 4252 orm*
475 4202 548 4254 Silius
558 4200 589 4254 la
602 4199 793 4266 14,103„qa0·
805 4200 845 4250 ira
857 4206 983 4266 metusque
995 4200 1154 4270 coquebat.“l
1187 4194 1248 4250 346.

65 4270 141 4334 Huic,
157 4283 183 4320 v.
201 4267 230 4320 Ε.
249 4265 276 4333 2,
292 4267 334 4320 30.
352 4297 386 4308 -—
405 4269 545 4322 cumba.-
564 4276 679 4322 coustant
695 4271 775 4320 crines
799 4269 851 4319 eius
869 4270 991 4333 anguibus
1008 4267 1144 4330 caeruleis,
1161 4261 1249 4334 atris}

1436 2491 1469 2548 ss

1408 2659 1431 2706 Ι

64 3996 134 4046 tibus
158 4011 252 4046 vareno
273 3995 369 4046 iniectis
392 3998 495 4047 cinctum
518 3966 615 4065 erat]²
632 3943 696 4046 3843ιι
711 3998 834 4057 tacitam,
856 4009 904 4060 quo
921 3995 978 4044 sols
1002 4000 1141 4044 recusaret
1156 3995 1249 4044 Amata
1289 3909 1337 4024 υ
1384 4057 1389 4070 .
1420 4001 1444 4048 ,³

64 4065 133 4116 curie
150 4058 267 4132 intents!
301 4061 361 4116 345.
379 4080 464 4116 cura
482 4072 507 4116 et
524 4069 578 4116 ira
596 4063 710 4129 lamere,
728 4062 825 4115 fervida
843 4077 912 4125 esse,
931 4069 1111 4131 proptereaque
1129 4063 1248 4112 hominem

65 4147 175 4199 coquere
191 4131 313 4198 (animum
331 4133 383 4184 οἰιιι
401 4133 542 4200 incendere)
562 4134 664 4196 dicitur-3
686 4132 780 4182 Ennius
802 4129 891 4196 „Quae
912 4133 1010 4195 (cara)
1033 4146 1097 4182 nunc
1117 4137 1143 4182 te
1166 4130 1249 4195 coquit
1294 4151 1295 4154 ¹
