2942 4975
213 341 279 406 254
539 432 550 457 ι
583 339 618 404 P.
641 338 806 405 VIRGILI
829 338 1019 403 MARONIS

301 518 463 596 Sternitur
485 536 606 608 aequor
628 527 731 607 aquis,
753 524 944 607 hrgiuntque
966 544 1004 589 ex
1026 527 1157 592 aethere
1179 527 1283 592 nimbi
1307 564 1314 592 ι

302 615 383 679 Tum
404 613 512 678 variae
536 611 686 677 comitum
709 610 822 691 facies,
843 611 984 675 inmania
1006 617 1086 690 cete,

301 700 345 764 Et
366 699 472 764 senior
495 698 608 762 Glauci
631 697 760 776 cherua,
783 697 943 777 Inousque
966 696 1147 776 Palaemon,

303 783 516 866 Tritonesque
539 783 606 860 citi,
629 782 810 862 Phorcique
833 781 992 845 exercitus
1014 782 1130 860 omnis3

215 867 280 934 825
302 870 408 934 Laeva
429 873 521 933 tenet
543 868 654 932 Thetis
678 871 711 932 et
728 867 844 931 Melite
866 866 1080 947 Panopeaque
1100 867 1200 949 virgo,

302 954 427 1019 Nesaee
441 954 587 1035 Spioque
611 952 786 1033 Thaliaque
808 951 1060 1033 Cymodoceque.

385 1039 445 1104 Hic
468 1039 569 1124 patris
591 1039 721 1102 Aeneae
744 1056 931 1120 suspensam
952 1021 1071 1102 blanda
1091 1037 1231 1103 vicissim

304 1124 428 1190 Gaudia
449 1127 668 1205 pertemptant
689 1126 843 1200 mentem3
866 1122 958 1186 iubet
979 1122 1066 1187 ocius
1089 1123 1192 1188 omnis

302 1209 418 1274 Attolli
439 1209 550 1286 malos,
574 1208 698 1274 intendi
720 1208 869 1273 bracchia
890 1203 987 1272 vehs'

216 1292 282 1360 830
303 1295 376 1360 Una
398 1313 507 1358 omnes
529 1293 636 1358 fecere
657 1294 786 1375 pedem,
807 1293 994 1374 pariterque
1015 1291 1171 1372 sinistros,

303 1379 396 1453 Nunc
418 1380 548 1444 dextros
571 1384 695 1444 solvere
717 1379 818 1457 sinus3
841 1397 905 1442 una
927 1377 1027 1441 ardua
1049 1381 1203 1460 torquent

305 1464 431 1530 Cornua
453 1465 723 1546 detorquentque3
746 1464 856 1538 ferant
878 1482 936 1527 sua
956 1461 1084 1527 flamina
1106 1465 1248 1537 classem.

304 1550 464 1656 Princeps
480 1554 554 1614 ante
577 1551 679 1614 omnis
703 1549 837 1614 densum
858 1548 1028 1613 Pahnurus
1050 1548 1166 1630 agebat

304 1635 442 1716 Agmen3
466 1635 505 1700 ad
528 1635 612 1702 bimo
635 1635 688 1699 alii
711 1653 839 1698 cursum
862 1633 1058 1698 contendere
1079 1635 1166 1699 iussi.

218 1717 283 1785 835
305 1721 437 1802 lamque
459 1719 527 1784 fere
549 1720 686 1784 mediam
709 1720 790 1784 caeli
812 1719 883 1784 Non
904 1718 1035 1782 humida
1056 1724 1176 1785 metam

162 1808 170 1823 '
306 1805 506 1888 Contigerat3
528 1802 654 1886 placlda
675 1805 827 1870 laxabant
848 1804 992 1868 membra
1013 1804 1122 1885 quiete

306 1890 371 1955 Sub
393 1890 490 1955 remis
512 1889 575 1955 lusi
596 1908 654 1972 per
676 1891 757 1954 dura
779 1890 893 1954 sedilia
912 1892 1045 1954 nautae:

306 1975 384 2040 Oum
406 1975 485 2040 levis
508 1975 659 2041 aetheriis
682 1975 832 2057 delapsus
854 1974 990 2039 Somnus
1012 1974 1051 2039 ab
1074 1975 1170 2040 astris

304 2062 391 2126 Aera
413 2061 545 2126 dimovit
567 2060 774 2126 tenebrosum
797 2064 831 2124 et
847 2059 985 2141 ‘dispulit
1007 2060 1145 2138 umbras,

219 2143 285 2208 840
308 2147 367 2226 Te,
389 2147 554 2226 Palinure,
575 2151 702 2230 petens,
725 2146 786 2210 tibi
808 2145 931 2210 somnia
953 2145 1058 2209 tristia
1078 2149 1212 2227 portans

144 2230 150 2244 “
306 2233 444 2312 Insonti3
467 2232 730 2314 puppiquedeus
754 2231 900 2295 consedit
920 2230 953 2293 in
977 2230 1051 2308 alta,

306 2319 482 2384 Phorbanti
504 2318 628 2398 similia,
651 2317 820 2398 funditque
842 2316 900 2380 has
922 2334 978 2379 ore
1001 2315 1160 2396 loquelas:

306 2404 412 2468 Iaside
434 2404 597 2484 Palinure,
619 2403 728 2468 ferunt
748 2403 819 2484 ipsa
841 2419 981 2482 aequora
1003 2401 1149 2480 classem3

307 2492 474 2571 Aequatae
497 2491 620 2574 spirant
642 2508 751 2567 aurae3
775 2489 871 2552 datur
892 2488 971 2551 hora
992 2487 1101 2568 quieti.

220 2572 286 2639 845
308 2576 396 2640 Pone
419 2581 527 2657 caput,
549 2575 714 2656 fessosque
736 2574 846 2638 oculos
867 2570 976 2636 iurare
998 2572 1108 2637 labori.

307 2661 381 2742 lpse
404 2678 462 2741 ego
485 2660 648 2742 paulisper
669 2679 727 2741 pro
752 2665 785 2724 te
808 2663 865 2722 tua
886 2675 1019 2721 munera
1040 2657 1136 2722 inibo.

310 2742 368 2809 Cui
389 2745 441 2809 vix
463 2744 614 2810 attollens
636 2746 805 2809 Palinurus
827 2743 949 2808 lumina
969 2741 1069 2807 fatur:

308 2830 403 2893 Mane
426 2830 506 2910 salis,
522 2830 637 2912 placidi
660 2830 783 2894 voltum
805 2827 984 2909 fluctusque
1008 2828 1135 2909 quietos

309 2915 462 2995 Ignorar'e
484 2914 595 2979 iubes?
628 2932 723 2979 mene
745 2915 819 2979 huic
841 2912 1002 2978 confidere
1023 2914 1190 2978 monstro?

224 2996 288 3062 850
309 3000 441 3064 Aenean
465 3000 593 3065 credam
617 3000 692 3082 quid
715 3000 800 3065 enim
822 2998 988 3063 fallacibus
1011 3000 1104 3078 auria,

224 3218 271 3253 non
293 3204 437 3265 tumidum,
462 3204 505 3254 sei
533 3204 665 3269 placidam
686 3204 787 3255 videtur
810 3210 882 3269 poeta
908 3199 1061 3269 scripsisse!
1101 3198 1161 3253 823.
1179 3220 1238 3268 ραι.
1266 3204 1307 3265 et,
1326 3205 1386 3262 aa,

225 3270 334 3331 Glaucus
352 3288 407 3323 cum
425 3272 479 3321 aliis
497 3272 544 3322 diis
563 3273 672 3336 marinis,
692 3272 733 3337 qui
751 3274 848 3336 quidem
866 3287 950 3321 omnes
968 3277 994 3321 et
1012 3277 1095 3322 aetate
1113 3279 1138 3321 et
1154 3271 1218 3322 facie
1230 3279 1301 3323 erant
1312 3272 1386 3336 sealiq

224 3338 283 3391 824.
302 3343 445 3402 accercitus,
464 3340 497 3390 dii
514 3341 610 3403 marini,
628 3343 669 3405 qui
686 3340 782 3391 Phorco
801 3340 880 3390 solent
894 3340 1019 3402 comitari,
1037 3340 1068 3389 cl.
1084 3356 1123 3390 rs.
1135 3337 1225 3405 241111
1260 3338 1385 3393 sat-871.
1443 3353 1444 3410 3

227 3408 257 3459 ln
277 3426 303 3461 eo
327 3412 422 3460 itinere
440 3408 582 3459 Palinurus
608 3424 625 3458 a
642 3408 734 3459 Somno
758 3425 894 3476 oppressus
915 3410 1107 3475 praecipitatur
1130 3412 1158 3459 in
1181 3425 1266 3462 mare.
1300 3415 1387 3461 Aeaeae
1443 3415 1445 3478 ζ

226 3480 341 3529 succedit
356 3480 471 3528 vicarius
489 3480 547 3527 eiua
565 3480 677 3527 muneri.
713 3478 750 3527 Ea
774 3493 869 3543 quoque
890 3493 930 3528 res
955 3477 1026 3526 iidem
1051 3478 1125 3528 habet
1148 3479 1307 3543 historicam,
1328 3473 1386 3537 rifi,
1443 3485 1444 3500 ¹

225 3542 300 3613 3811
335 3545 394 3598 829.
412 3546 543 3609 bracchia,
561 3548 702 3610 antennas!
738 3543 790 3595 830
808 3561 844 3610 sq.
859 3547 961 3611 pedes
979 3546 1094 3595 dicuntur
1112 3547 1159 3595 (luo
1178 3545 1263 3611 lanes,
1282 3550 1386 3613 quibust

223 3617 298 3679 puppi
316 3610 578 3677 religatidintenditur
601 3616 697 3675 velum,
722 3616 787 3679 quod
810 3614 871 3676 illia,
895 3619 1020 3678 tamquam
1045 3614 1163 3678 pedibus,
1188 3615 1306 3667 innititur.
1339 3616 1386 3665 Cuu
1443 3601 1444 3648 Ῐ

223 3688 313 3730 ventus
332 3683 364 3731 ab
382 3683 437 3747 ipsa
455 3684 528 3749 puppi
545 3686 597 3746 liat,
615 3690 721 3747 utroque
739 3684 810 3748 pelle,
828 3697 883 3732 cum
895 3697 911 3732 a
923 3683 1013 3731 dextra
1025 3683 1163 3745 sinistrave,
1182 3698 1240 3747 uno,
1259 3686 1299 3735 vel
1313 3686 1385 3735 uarro

224 3750 268 3800 vel
284 3750 397 3813 sinistro,
424 3767 478 3800 cum
495 3752 581 3801 variat
602 3758 691 3801 ventus
715 3752 750 3815 (id
768 3752 832 3816 qnod
851 3757 902 3800 tum
920 3750 1040 3800 accidisse
1058 3750 1190 3817 apparet),
1214 3753 1288 3803 modo
1306 3755 1387 3813 dextro,
1443 3769 1444 3782 ¹

224 3818 295 3866 modo
314 3817 414 3868 sinistro
433 3821 573 3883 navigatur.
584 3847 618 3857 -
627 3823 739 3885 pariter,
756 3835 814 3882 una,
831 3826 860 3870 ut
877 3817 901 3881 9,
921 3815 978 3869 182.
990 3846 1022 3854 -
1035 3822 1084 3868 aia.
1103 3818 1133 3872 N.
1153 3820 1240 3870 dextr.
1259 3839 1280 3871 a.
1298 3839 1326 3884 a,
1342 3821 1387 3870 vela

223 3886 382 3950 explicavere
394 3886 437 3947 ita,
455 3895 484 3937 nt
495 3903 584 3939 versus
596 3895 696 3939 ventum
709 3888 838 3953 obliquata
848 3902 911 3937 nunc
923 3901 938 3936 u
951 3887 1040 3937 dextra
1053 3904 1140 3938 nuncu
1154 3888 1256 3938 ainistm
1268 3892 1388 3940 venientem
1443 3893 1444 3942 l

224 3954 279 4003 sinn
297 3968 342 4003 suo
361 3954 523 4024 exciperent}
557 3952 608 4007 831
627 3971 663 4020 sq.
683 3962 700 4006 t.
720 3956 746 4007 C.
764 3958 824 4020 det,
843 3970 942 4016 cornua,
964 3956 1135 4007 extremitates
1154 3963 1315 4008 antennarum
1332 3958 1388 4023 (ergo
1443 3999 1444 4008 ,

199 4024 204 4047 '
225 4022 292 4087 ipses
311 4022 450 4085 antennas),
468 4026 549 4089 prouti
568 4040 628 4089 opus
646 4030 709 4087 erat,
728 4026 774 4073 huc
792 4031 818 4074 et
834 4024 893 4074 illuc
912 4022 1049 4091 torquent!
1076 4021 1136 4075 832.
1154 4040 1214 4086 auu,
1233 4041 1258 4075 v.
1271 4025 1301 4077 G.
1312 4024 1335 4089 4,
1343 4020 1389 4091 221
1443 4017 1444 4054 ³

225 4088 284 4141 835.
301 4106 326 4140 v.
345 4086 464 4152 81381
497 4089 555 4142 840.
574 4108 655 4142 amna.
674 4098 716 4155 tr,
735 4094 868 4142 secundum
887 4091 999 4141 Serviurn
1017 4100 1042 4142 et
1059 4093 1195 4143 Donatum:
1220 4111 1331 4160 soporem
1345 4094 1388 4145 eri-

225 4159 334 4227 tiulcrml
369 4154 429 4207 841.
448 4159 555 4223 conseri,
573 4174 598 4209 v.
616 4156 641 4221 3,
659 4156 732 4227 5654
767 4157 826 4210 844.
845 4165 938 4224 Aequ,
957 4161 1054 4224 aequali
1073 4160 1192 4218 fluminei
1228 4161 1288 4213 845.
1307 4164 1388 4222 oculor,

225 4226 256 4277 cf.
274 4243 312 4277 vs.
330 4224 389 4278 853.
408 4240 437 4263 ¹-—
452 4226 567 4291 sucare,
592 4228 711 4277 subtrahe
734 4227 820 4276 lurtirn
841 4243 863 4277 s.
881 4229 912 4277 ob
937 4228 1085 4278 brevitatem
1107 4230 1227 4295 temporis
1245 4230 1352 4293 latenter,
1366 4236 1389 4281 ut

225 4296 299 4346 labor
316 4312 363 4346 non
381 4295 497 4345 videatur
514 4296 645 4361 omissus}
679 4291 739 4346 850.
757 4295 806 4345 Alii
824 4297 1008 4362 interpungnnt:
1032 4297 1153 4359 „Aenean
1176 4298 1278 4348 credam
1295 4299 1388 4364 -quil

226 4366 305 4415 animi
318 4392 360 4431 -‚
373 4362 456 4415 lallac.
473 4364 542 4415 auris
554 4363 587 4414 Et
603 4364 682 4414 caeli“
701 4369 757 4428 cet,
776 4365 890 4431 suppleta
908 4365 971 4413 hune
987 4363 1011 4414 in
1030 4366 1129 4417 modum
1146 4366 1272 4417 oratione:
1290 4370 1389 4432 „Ama
